<?xml version="1.0" encoding="UTF-8"?>
<!DOCTYPE html PUBLIC "-//W3C//DTD XHTML 1.0 Transitional//EN"
    "http://www.w3.org/TR/xhtml1/DTD/xhtml1-transitional.dtd">
<html xmlns="http://www.w3.org/1999/xhtml" xml:lang="en" lang="en">
 <head>
  <title>
</title>
<meta http-equiv="Content-Type" content="text/html;charset=utf-8" />
  <meta name='ocr-system' content='tesseract 3.04.00' />
  <meta name='ocr-capabilities' content='ocr_page ocr_carea ocr_par ocr_line ocrx_word'/>
</head>
<body>
  <div class='ocr_page' id='page_1' title='image "./quaestionespers00schlgoog_0025.png"; bbox 0 0 3162 4904; ppageno 0'>
   <div class='ocr_carea' id='block_1_1' title="bbox 814 326 866 415">
    <p class='ocr_par' dir='ltr' id='par_1_1' title="bbox 814 326 866 415">
     <span class='ocr_line' id='line_1_1' title="bbox 814 326 866 415; baseline 0.154 -8"><span class='ocrx_word' id='word_1_1' title='bbox 814 326 866 415; x_wconf 78' lang='grc'><strong>16</strong></span> 
     </span>
    </p>
   </div>
   <div class='ocr_carea' id='block_1_2' title="bbox 273 485 1410 600">
    <p class='ocr_par' dir='ltr' id='par_1_2' title="bbox 273 485 1410 600">
     <span class='ocr_line' id='line_1_2' title="bbox 273 485 1410 600; baseline -0.004 -18"><span class='ocrx_word' id='word_1_2' title='bbox 273 517 487 600; x_wconf 66' lang='lat' dir='ltr'><strong>philosophiam</strong></span> <span class='ocrx_word' id='word_1_3' title='bbox 517 485 750 584; x_wconf 68' lang='lat' dir='ltr'><strong>inductusest‘⁴⁸</strong></span> <span class='ocrx_word' id='word_1_4' title='bbox 787 524 819 582; x_wconf 90' lang='lat' dir='ltr'><strong>et</strong></span> <span class='ocrx_word' id='word_1_5' title='bbox 853 514 990 598; x_wconf 90' lang='lat' dir='ltr'><strong>prolecto</strong></span> <span class='ocrx_word' id='word_1_6' title='bbox 1029 515 1167 598; x_wconf 84' lang='lat' dir='ltr'><strong>majorem</strong></span> <span class='ocrx_word' id='word_1_7' title='bbox 1205 512 1410 597; x_wconf 71' lang='lat' dir='ltr'><strong>philosophiae</strong></span> 
     </span>
    </p>
   </div>
   <div class='ocr_carea' id='block_1_3' title="bbox 272 618 1548 706">
    <p class='ocr_par' dir='ltr' id='par_1_3' title="bbox 272 618 1548 706">
     <span class='ocr_line' id='line_1_3' title="bbox 272 618 1548 706; baseline -0.002 -18"><span class='ocrx_word' id='word_1_8' title='bbox 272 641 415 702; x_wconf 84' lang='lat' dir='ltr'><strong>amorem,</strong></span> <span class='ocrx_word' id='word_1_9' title='bbox 436 641 523 705; x_wconf 88' lang='lat' dir='ltr'><strong>quam</strong></span> <span class='ocrx_word' id='word_1_10' title='bbox 547 630 715 688; x_wconf 87' lang='lat' dir='ltr'><strong>accuratam</strong></span> <span class='ocrx_word' id='word_1_11' title='bbox 736 620 936 706; x_wconf 79' lang='lat' dir='ltr'><strong>cognitionem</strong></span> <span class='ocrx_word' id='word_1_12' title='bbox 959 619 988 682; x_wconf 94' lang='lat' dir='ltr'><strong>in</strong></span> <span class='ocrx_word' id='word_1_13' title='bbox 1011 618 1106 684; x_wconf 89' lang='lat' dir='ltr'><strong>Persii</strong></span> <span class='ocrx_word' id='word_1_14' title='bbox 1127 618 1226 684; x_wconf 88' lang='lat' dir='ltr'><strong>satiris</strong></span> <span class='ocrx_word' id='word_1_15' title='bbox 1247 619 1411 684; x_wconf 81' lang='lat' dir='ltr'><strong>inveneris.</strong></span> <span class='ocrx_word' id='word_1_16' title='bbox 1547 645 1548 686; x_wconf 72' lang='lat' dir='ltr'><strong>r</strong></span> 
     </span>
    </p>
   </div>
   <div class='ocr_carea' id='block_1_4' title="bbox 234 719 1412 3099">
    <p class='ocr_par' dir='ltr' id='par_1_4' title="bbox 234 719 1412 3099">
     <span class='ocr_line' id='line_1_4' title="bbox 274 719 1412 809; baseline -0.005 -18"><span class='ocrx_word' id='word_1_17' title='bbox 274 727 480 809; x_wconf 81' lang='lat' dir='ltr'><strong>Philosophiae</strong></span> <span class='ocrx_word' id='word_1_18' title='bbox 502 727 616 791; x_wconf 86' lang='lat' dir='ltr'><strong>stoicae</strong></span> <span class='ocrx_word' id='word_1_19' title='bbox 638 735 707 790; x_wconf 91' lang='lat' dir='ltr'><strong>tunc</strong></span> <span class='ocrx_word' id='word_1_20' title='bbox 729 725 795 790; x_wconf 88' lang='lat' dir='ltr'><strong>lere</strong></span> <span class='ocrx_word' id='word_1_21' title='bbox 817 725 945 806; x_wconf 90' lang='lat' dir='ltr'><strong>optimus</strong></span> <span class='ocrx_word' id='word_1_22' title='bbox 958 724 1086 806; x_wconf 90' lang='lat' dir='ltr'><strong>quisque</strong></span> <span class='ocrx_word' id='word_1_23' title='bbox 1108 740 1142 787; x_wconf 86' lang='lat' dir='ltr'><strong>se</strong></span> <span class='ocrx_word' id='word_1_24' title='bbox 1168 722 1248 787; x_wconf 92' lang='lat' dir='ltr'><strong>dedit</strong></span> <span class='ocrx_word' id='word_1_25' title='bbox 1269 719 1305 784; x_wconf 92' lang='lat' dir='ltr'><strong>ad</strong></span> <span class='ocrx_word' id='word_1_26' title='bbox 1328 741 1412 787; x_wconf 86' lang='lat' dir='ltr'><strong>earn·</strong></span> 
     </span>
     <span class='ocr_line' id='line_1_5' title="bbox 274 825 1412 913; baseline -0.004 -19"><span class='ocrx_word' id='word_1_27' title='bbox 274 849 332 912; x_wconf 89' lang='lat' dir='ltr'><strong>que</strong></span> <span class='ocrx_word' id='word_1_28' title='bbox 354 849 468 912; x_wconf 90' lang='lat' dir='ltr'><strong>ornnes,</strong></span> <span class='ocrx_word' id='word_1_29' title='bbox 490 831 541 913; x_wconf 91' lang='lat' dir='ltr'><strong>qui</strong></span> <span class='ocrx_word' id='word_1_30' title='bbox 562 831 723 894; x_wconf 82' lang='lat' dir='ltr'><strong>Romanum</strong></span> <span class='ocrx_word' id='word_1_31' title='bbox 746 829 874 893; x_wconf 89' lang='lat' dir='ltr'><strong>animum</strong></span> <span class='ocrx_word' id='word_1_32' title='bbox 896 835 1103 908; x_wconf 83' lang='lat' dir='ltr'><strong>servaverant,</strong></span> <span class='ocrx_word' id='word_1_33' title='bbox 1123 826 1308 911; x_wconf 80' lang='lat' dir='ltr'><strong>refugerunt.</strong></span> <span class='ocrx_word' id='word_1_34' title='bbox 1331 825 1412 890; x_wconf 88' lang='lat' dir='ltr'><strong>Cae-</strong></span> 
     </span>
     <span class='ocr_line' id='line_1_6' title="bbox 272 931 1411 1018; baseline -0.004 -20"><span class='ocrx_word' id='word_1_35' title='bbox 272 935 348 1001; x_wconf 89' lang='lat' dir='ltr'><strong>sium</strong></span> <span class='ocrx_word' id='word_1_36' title='bbox 375 936 499 1000; x_wconf 88' lang='lat' dir='ltr'><strong>Bassum</strong></span> <span class='ocrx_word' id='word_1_37' title='bbox 532 943 652 1018; x_wconf 91' lang='lat' dir='ltr'><strong>poetam</strong></span> <span class='ocrx_word' id='word_1_38' title='bbox 682 942 715 1000; x_wconf 93' lang='lat' dir='ltr'><strong>et</strong></span> <span class='ocrx_word' id='word_1_39' title='bbox 736 933 941 1017; x_wconf 89' lang='lat' dir='ltr'><strong>Calpurnium,</strong></span> <span class='ocrx_word' id='word_1_40' title='bbox 960 934 999 998; x_wconf 90' lang='lat' dir='ltr'><strong>de</strong></span> <span class='ocrx_word' id='word_1_41' title='bbox 1028 950 1089 1015; x_wconf 95' lang='lat' dir='ltr'><strong>quo</strong></span> <span class='ocrx_word' id='word_1_42' title='bbox 1118 931 1189 996; x_wconf 89' lang='lat' dir='ltr'><strong>nihil</strong></span> <span class='ocrx_word' id='word_1_43' title='bbox 1218 931 1285 996; x_wconf 88' lang='lat' dir='ltr'><strong>lere</strong></span> <span class='ocrx_word' id='word_1_44' title='bbox 1308 939 1411 996; x_wconf 93' lang='lat' dir='ltr'><strong>notum</strong></span> 
     </span>
     <span class='ocr_line' id='line_1_7' title="bbox 273 1035 1412 1123; baseline -0.005 -19"><span class='ocrx_word' id='word_1_45' title='bbox 273 1047 330 1118; x_wconf 87' lang='lat' dir='ltr'><strong>est,</strong></span> <span class='ocrx_word' id='word_1_46' title='bbox 352 1059 369 1104; x_wconf 92' lang='lat' dir='ltr'><strong>a</strong></span> <span class='ocrx_word' id='word_1_47' title='bbox 392 1041 485 1123; x_wconf 90' lang='lat' dir='ltr'><strong>prima</strong></span> <span class='ocrx_word' id='word_1_48' title='bbox 506 1039 707 1104; x_wconf 89' lang='lat' dir='ltr'><strong>adolescentia</strong></span> <span class='ocrx_word' id='word_1_49' title='bbox 728 1039 837 1103; x_wconf 89' lang='lat' dir='ltr'><strong>amicos</strong></span> <span class='ocrx_word' id='word_1_50' title='bbox 857 1039 969 1118; x_wconf 87' lang='lat' dir='ltr'><strong>habuit,</strong></span> <span class='ocrx_word' id='word_1_51' title='bbox 990 1056 1066 1121; x_wconf 89' lang='lat' dir='ltr'><strong>„per</strong></span> <span class='ocrx_word' id='word_1_52' title='bbox 1088 1037 1249 1102; x_wconf 74' lang='lat' dir='ltr'><strong>contutum</strong></span> <span class='ocrx_word' id='word_1_53' title='bbox 1271 1035 1412 1120; x_wconf 82' lang='lat' dir='ltr'><strong>cognovit</strong></span> 
     </span>
     <span class='ocr_line' id='line_1_8' title="bbox 274 1141 1411 1227; baseline -0.004 -19"><span class='ocrx_word' id='word_1_54' title='bbox 274 1146 362 1208; x_wconf 87' lang='lat' dir='ltr'><strong>ctiam</strong></span> <span class='ocrx_word' id='word_1_55' title='bbox 384 1141 564 1223; x_wconf 88' lang='lat' dir='ltr'><strong>Lucanum,“</strong></span> <span class='ocrx_word' id='word_1_56' title='bbox 600 1143 723 1208; x_wconf 86' lang='lat' dir='ltr'><strong>Claudio</strong></span> <span class='ocrx_word' id='word_1_57' title='bbox 745 1143 894 1227; x_wconf 80' lang='lat' dir='ltr'><strong>Agathino</strong></span> <span class='ocrx_word' id='word_1_58' title='bbox 917 1142 1030 1208; x_wconf 88' lang='lat' dir='ltr'><strong>medico</strong></span> <span class='ocrx_word' id='word_1_59' title='bbox 1052 1141 1288 1208; x_wconf 87' lang='lat' dir='ltr'><strong>Lacedaemonio</strong></span> <span class='ocrx_word' id='word_1_60' title='bbox 1311 1141 1411 1204; x_wconf 87' lang='lat' dir='ltr'><strong>etPe·</strong></span> 
     </span>
     <span class='ocr_line' id='line_1_9' title="bbox 274 1243 1411 1343; baseline -0.006 -30"><span class='ocrx_word' id='word_1_61' title='bbox 274 1249 370 1314; x_wconf 82' lang='lat' dir='ltr'><strong>bunio</strong></span> <span class='ocrx_word' id='word_1_62' title='bbox 400 1248 586 1313; x_wconf 84' lang='lat' dir='ltr'><strong>Aristocrate</strong></span> <span class='ocrx_word' id='word_1_63' title='bbox 615 1249 772 1343; x_wconf 79' lang='lat' dir='ltr'><strong>Magnete,</strong></span> <span class='ocrx_word' id='word_1_64' title='bbox 802 1247 853 1329; x_wconf 91' lang='lat' dir='ltr'><strong>qui</strong></span> <span class='ocrx_word' id='word_1_65' title='bbox 891 1246 1084 1328; x_wconf 81' lang='lat' dir='ltr'><strong>condiscipuli</strong></span> <span class='ocrx_word' id='word_1_66' title='bbox 1117 1247 1259 1328; x_wconf 78' lang='lat' dir='ltr'><strong>aequales</strong></span> <span class='ocrx_word' id='word_1_67' title='bbox 1289 1243 1411 1310; x_wconf 84' lang='lat' dir='ltr'><strong>Cornuti</strong></span> 
     </span>
     <span class='ocr_line' id='line_1_10' title="bbox 273 1348 1410 1434; baseline -0.004 -18"><span class='ocrx_word' id='word_1_68' title='bbox 273 1352 390 1418; x_wconf 88' lang='lat' dir='ltr'><strong>domum</strong></span> <span class='ocrx_word' id='word_1_69' title='bbox 419 1352 665 1434; x_wconf 77' lang='lat' dir='ltr'><strong>frequentabant,</strong></span> <span class='ocrx_word' id='word_1_70' title='bbox 701 1351 879 1416; x_wconf 74' lang='lat' dir='ltr'><strong>familiariter</strong></span> <span class='ocrx_word' id='word_1_71' title='bbox 908 1371 997 1432; x_wconf 88' lang='lat' dir='ltr'><strong>usus,</strong></span> <span class='ocrx_word' id='word_1_72' title='bbox 1027 1352 1155 1432; x_wconf 89' lang='lat' dir='ltr'><strong>denique</strong></span> <span class='ocrx_word' id='word_1_73' title='bbox 1183 1369 1249 1417; x_wconf 87' lang='lat' dir='ltr'><strong>curn</strong></span> <span class='ocrx_word' id='word_1_74' title='bbox 1285 1348 1410 1422; x_wconf 84' lang='lat' dir='ltr'><strong>Servilio</strong></span> 
     </span>
     <span class='ocr_line' id='line_1_11' title="bbox 273 1455 1410 1536; baseline -0.005 -14"><span class='ocrx_word' id='word_1_75' title='bbox 273 1457 418 1536; x_wconf 84' lang='lat' dir='ltr'><strong>Noniano,</strong></span> <span class='ocrx_word' id='word_1_76' title='bbox 440 1457 533 1520; x_wconf 92' lang='lat' dir='ltr'><strong>Plotio</strong></span> <span class='ocrx_word' id='word_1_77' title='bbox 556 1457 699 1536; x_wconf 92' lang='lat' dir='ltr'><strong>ldacrino,</strong></span> <span class='ocrx_word' id='word_1_78' title='bbox 722 1458 810 1520; x_wconf 87' lang='lat' dir='ltr'><strong>Paeto</strong></span> <span class='ocrx_word' id='word_1_79' title='bbox 834 1457 976 1536; x_wconf 85' lang='lat' dir='ltr'><strong>Thrasea,</strong></span> <span class='ocrx_word' id='word_1_80' title='bbox 999 1457 1070 1520; x_wconf 91' lang='lat' dir='ltr'><strong>viris</strong></span> <span class='ocrx_word' id='word_1_81' title='bbox 1092 1455 1226 1520; x_wconf 86' lang='lat' dir='ltr'><strong>doctriua</strong></span> <span class='ocrx_word' id='word_1_82' title='bbox 1240 1474 1275 1518; x_wconf 92' lang='lat' dir='ltr'><strong>ac</strong></span> <span class='ocrx_word' id='word_1_83' title='bbox 1297 1471 1410 1519; x_wconf 90' lang='lat' dir='ltr'><strong>morum</strong></span> 
     </span>
     <span class='ocr_line' id='line_1_12' title="bbox 274 1558 1411 1642; baseline -0.004 -16"><span class='ocrx_word' id='word_1_84' title='bbox 274 1561 427 1626; x_wconf 78' lang='lat' dir='ltr'><strong>sanctitate</strong></span> <span class='ocrx_word' id='word_1_85' title='bbox 455 1560 561 1639; x_wconf 86' lang='lat' dir='ltr'><strong>claris,</strong></span> <span class='ocrx_word' id='word_1_86' title='bbox 584 1579 639 1625; x_wconf 89' lang='lat' dir='ltr'><strong>usu</strong></span> <span class='ocrx_word' id='word_1_87' title='bbox 669 1561 833 1626; x_wconf 88' lang='lat' dir='ltr'><strong>domestico</strong></span> <span class='ocrx_word' id='word_1_88' title='bbox 871 1569 961 1642; x_wconf 91' lang='lat' dir='ltr'><strong>atque</strong></span> <span class='ocrx_word' id='word_1_89' title='bbox 995 1558 1210 1624; x_wconf 89' lang='lat' dir='ltr'><strong>cousuetudine</strong></span> <span class='ocrx_word' id='word_1_90' title='bbox 1239 1559 1411 1640; x_wconf 81' lang='lat' dir='ltr'><strong>eonjuaetm</strong></span> 
     </span>
     <span class='ocr_line' id='line_1_13' title="bbox 274 1664 1411 1746; baseline -0.004 -16"><span class='ocrx_word' id='word_1_91' title='bbox 274 1672 331 1730; x_wconf 90' lang='lat' dir='ltr'><strong>est.</strong></span> <span class='ocrx_word' id='word_1_92' title='bbox 354 1665 487 1728; x_wconf 86' lang='lat' dir='ltr'><strong>Persium</strong></span> <span class='ocrx_word' id='word_1_93' title='bbox 510 1683 575 1728; x_wconf 88' lang='lat' dir='ltr'><strong>cum</strong></span> <span class='ocrx_word' id='word_1_94' title='bbox 597 1673 641 1729; x_wconf 91' lang='lat' dir='ltr'><strong>tot</strong></span> <span class='ocrx_word' id='word_1_95' title='bbox 662 1667 783 1729; x_wconf 90' lang='lat' dir='ltr'><strong>summis</strong></span> <span class='ocrx_word' id='word_1_96' title='bbox 806 1666 879 1730; x_wconf 84' lang='lat' dir='ltr'><strong>viris</strong></span> <span class='ocrx_word' id='word_1_97' title='bbox 904 1664 1036 1746; x_wconf 86' lang='lat' dir='ltr'><strong>quotidie</strong></span> <span class='ocrx_word' id='word_1_98' title='bbox 1068 1665 1134 1728; x_wconf 88' lang='lat' dir='ltr'><strong>lere</strong></span> <span class='ocrx_word' id='word_1_99' title='bbox 1164 1671 1411 1728; x_wconf 87' lang='lat' dir='ltr'><strong>conversatuma</strong></span> 
     </span>
     <span class='ocr_line' id='line_1_14' title="bbox 275 1763 1412 1852; baseline -0.002 -18"><span class='ocrx_word' id='word_1_100' title='bbox 275 1769 412 1834; x_wconf 83' lang='lat' dir='ltr'><strong>convictu</strong></span> <span class='ocrx_word' id='word_1_101' title='bbox 435 1768 562 1834; x_wconf 91' lang='lat' dir='ltr'><strong>humano</strong></span> <span class='ocrx_word' id='word_1_102' title='bbox 585 1787 710 1852; x_wconf 88' lang='lat' dir='ltr'><strong>prorsus</strong></span> <span class='ocrx_word' id='word_1_103' title='bbox 733 1770 859 1833; x_wconf 91' lang='lat' dir='ltr'><strong>alienum</strong></span> <span class='ocrx_word' id='word_1_104' title='bbox 882 1768 977 1834; x_wconf 85' lang='lat' dir='ltr'><strong>fuisse</strong></span> <span class='ocrx_word' id='word_1_105' title='bbox 1001 1776 1032 1834; x_wconf 88' lang='lat' dir='ltr'><strong>et</strong></span> <span class='ocrx_word' id='word_1_106' title='bbox 1054 1770 1151 1846; x_wconf 87' lang='lat' dir='ltr'><strong>„vitae</strong></span> <span class='ocrx_word' id='word_1_107' title='bbox 1168 1769 1268 1832; x_wconf 89' lang='lat' dir='ltr'><strong>nescio</strong></span> <span class='ocrx_word' id='word_1_108' title='bbox 1284 1763 1412 1832; x_wconf 87' lang='lat' dir='ltr'><strong>en·ore“</strong></span> 
     </span>
     <span class='ocr_line' id='line_1_15' title="bbox 276 1869 1411 1956; baseline -0.002 -20"><span class='ocrx_word' id='word_1_109' title='bbox 276 1871 328 1956; x_wconf 88' lang='lat' dir='ltr'><strong>(ll,</strong></span> <span class='ocrx_word' id='word_1_110' title='bbox 349 1872 407 1948; x_wconf 87' lang='grc'><strong>39)</strong></span> <span class='ocrx_word' id='word_1_111' title='bbox 430 1881 546 1955; x_wconf 90' lang='lat' dir='ltr'><strong>captum</strong></span> <span class='ocrx_word' id='word_1_112' title='bbox 569 1874 600 1936; x_wconf 92' lang='lat' dir='ltr'><strong>iu</strong></span> <span class='ocrx_word' id='word_1_113' title='bbox 621 1873 743 1937; x_wconf 91' lang='lat' dir='ltr'><strong>scholae</strong></span> <span class='ocrx_word' id='word_1_114' title='bbox 766 1873 878 1937; x_wconf 88' lang='lat' dir='ltr'><strong>umbris</strong></span> <span class='ocrx_word' id='word_1_115' title='bbox 909 1872 1039 1938; x_wconf 89' lang='lat' dir='ltr'><strong>abditum</strong></span> <span class='ocrx_word' id='word_1_116' title='bbox 1068 1871 1220 1936; x_wconf 91' lang='lat' dir='ltr'><strong>delituisse</strong></span> <span class='ocrx_word' id='word_1_117' title='bbox 1249 1873 1301 1936; x_wconf 83' lang='lat' dir='ltr'><strong>aix</strong></span> <span class='ocrx_word' id='word_1_118' title='bbox 1329 1869 1411 1936; x_wconf 87' lang='lat' dir='ltr'><strong>credi</strong></span> 
     </span>
     <span class='ocr_line' id='line_1_16' title="bbox 274 1975 1407 2060; baseline 0.002 -22"><span class='ocrx_word' id='word_1_119' title='bbox 274 1984 384 2060; x_wconf 82' lang='lat' dir='ltr'><strong>potest</strong></span> <span class='ocrx_word' id='word_1_120' title='bbox 407 1976 595 2060; x_wconf 82' lang='lat' dir='ltr'><strong>singularem</strong></span> <span class='ocrx_word' id='word_1_121' title='bbox 618 1977 711 2041; x_wconf 89' lang='lat' dir='ltr'><strong>Persii</strong></span> <span class='ocrx_word' id='word_1_122' title='bbox 741 1985 833 2041; x_wconf 87' lang='lat' dir='ltr'><strong>artem</strong></span> <span class='ocrx_word' id='word_1_123' title='bbox 864 1985 953 2060; x_wconf 88' lang='lat' dir='ltr'><strong>atque</strong></span> <span class='ocrx_word' id='word_1_124' title='bbox 986 1978 1123 2042; x_wconf 84' lang='lat' dir='ltr'><strong>virtutem</strong></span> <span class='ocrx_word' id='word_1_125' title='bbox 1154 1977 1184 2040; x_wconf 92' lang='lat' dir='ltr'><strong>in</strong></span> <span class='ocrx_word' id='word_1_126' title='bbox 1197 1975 1407 2043; x_wconf 68' lang='lat' dir='ltr'><strong>&#39;quaeritandis</strong></span> 
     </span>
     <span class='ocr_line' id='line_1_17' title="bbox 275 2079 1410 2164; baseline -0.001 -22"><span class='ocrx_word' id='word_1_127' title='bbox 275 2079 423 2144; x_wconf 91' lang='lat' dir='ltr'><strong>homiuum</strong></span> <span class='ocrx_word' id='word_1_128' title='bbox 447 2081 578 2145; x_wconf 89' lang='lat' dir='ltr'><strong>moribus</strong></span> <span class='ocrx_word' id='word_1_129' title='bbox 602 2083 733 2164; x_wconf 92' lang='lat' dir='ltr'><strong>conspici</strong></span> <span class='ocrx_word' id='word_1_130' title='bbox 755 2100 815 2145; x_wconf 92' lang='lat' dir='ltr'><strong>uon</strong></span> <span class='ocrx_word' id='word_1_131' title='bbox 838 2090 884 2145; x_wconf 87' lang='lat' dir='ltr'><strong>est</strong></span> <span class='ocrx_word' id='word_1_132' title='bbox 906 2082 956 2163; x_wconf 93' lang='lat' dir='ltr'><strong>qui</strong></span> <span class='ocrx_word' id='word_1_133' title='bbox 978 2082 1142 2163; x_wconf 80' lang='lat' dir='ltr'><strong>negaverit</strong></span> <span class='ocrx_word' id='word_1_134' title='bbox 1187 2081 1292 2145; x_wconf 88' lang='lat' dir='ltr'><strong>Paucis</strong></span> <span class='ocrx_word' id='word_1_135' title='bbox 1312 2081 1410 2149; x_wconf 86' lang='lat' dir='ltr'><strong>verbis</strong></span> 
     </span>
     <span class='ocr_line' id='line_1_18' title="bbox 273 2184 1411 2266; baseline 0 -19"><span class='ocrx_word' id='word_1_136' title='bbox 273 2185 388 2248; x_wconf 91' lang='lat' dir='ltr'><strong>illorum</strong></span> <span class='ocrx_word' id='word_1_137' title='bbox 420 2193 551 2248; x_wconf 87' lang='lat' dir='ltr'><strong>naturam</strong></span> <span class='ocrx_word' id='word_1_138' title='bbox 591 2193 648 2248; x_wconf 90' lang='lat' dir='ltr'><strong>tam</strong></span> <span class='ocrx_word' id='word_1_139' title='bbox 679 2184 772 2266; x_wconf 91' lang='lat' dir='ltr'><strong>probe</strong></span> <span class='ocrx_word' id='word_1_140' title='bbox 800 2184 948 2266; x_wconf 81' lang='lat' dir='ltr'><strong>depinxit,</strong></span> <span class='ocrx_word' id='word_1_141' title='bbox 971 2184 1087 2249; x_wconf 90' lang='lat' dir='ltr'><strong>illorum</strong></span> <span class='ocrx_word' id='word_1_142' title='bbox 1118 2203 1283 2248; x_wconf 87' lang='lat' dir='ltr'><strong>sermonem</strong></span> <span class='ocrx_word' id='word_1_143' title='bbox 1313 2184 1411 2248; x_wconf 90' lang='lat' dir='ltr'><strong>subtili</strong></span> 
     </span>
     <span class='ocr_line' id='line_1_19' title="bbox 275 2289 1409 2372; baseline -0.001 -21"><span class='ocrx_word' id='word_1_144' title='bbox 275 2291 435 2352; x_wconf 87' lang='lat' dir='ltr'><strong>imitatione</strong></span> <span class='ocrx_word' id='word_1_145' title='bbox 457 2297 514 2352; x_wconf 91' lang='lat' dir='ltr'><strong>tam</strong></span> <span class='ocrx_word' id='word_1_146' title='bbox 546 2291 704 2372; x_wconf 86' lang='lat' dir='ltr'><strong>eleganter</strong></span> <span class='ocrx_word' id='word_1_147' title='bbox 726 2299 755 2352; x_wconf 89' lang='lat' dir='ltr'><strong>et</strong></span> <span class='ocrx_word' id='word_1_148' title='bbox 777 2289 932 2354; x_wconf 90' lang='lat' dir='ltr'><strong>commode</strong></span> <span class='ocrx_word' id='word_1_149' title='bbox 966 2289 1135 2369; x_wconf 86' lang='lat' dir='ltr'><strong>expressit,</strong></span> <span class='ocrx_word' id='word_1_150' title='bbox 1163 2296 1195 2350; x_wconf 93' lang='lat' dir='ltr'><strong>ut</strong></span> <span class='ocrx_word' id='word_1_151' title='bbox 1217 2307 1283 2352; x_wconf 92' lang='lat' dir='ltr'><strong>cum</strong></span> <span class='ocrx_word' id='word_1_152' title='bbox 1305 2289 1340 2352; x_wconf 90' lang='lat' dir='ltr'><strong>iis</strong></span> <span class='ocrx_word' id='word_1_153' title='bbox 1363 2289 1409 2350; x_wconf 88' lang='lat' dir='ltr'><strong>vi-</strong></span> 
     </span>
     <span class='ocr_line' id='line_1_20' title="bbox 276 2392 1410 2477; baseline -0.001 -21"><span class='ocrx_word' id='word_1_154' title='bbox 276 2412 349 2458; x_wconf 88' lang='lat' dir='ltr'><strong>vore</strong></span> <span class='ocrx_word' id='word_1_155' title='bbox 371 2402 402 2456; x_wconf 92' lang='lat' dir='ltr'><strong>et</strong></span> <span class='ocrx_word' id='word_1_156' title='bbox 423 2394 505 2477; x_wconf 92' lang='lat' dir='ltr'><strong>loqui</strong></span> <span class='ocrx_word' id='word_1_157' title='bbox 527 2394 699 2474; x_wconf 86' lang='lat' dir='ltr'><strong>uideamur,</strong></span> <span class='ocrx_word' id='word_1_158' title='bbox 721 2413 806 2476; x_wconf 91' lang='lat' dir='ltr'><strong>quam</strong></span> <span class='ocrx_word' id='word_1_159' title='bbox 828 2411 890 2456; x_wconf 91' lang='lat' dir='ltr'><strong>rem</strong></span> <span class='ocrx_word' id='word_1_160' title='bbox 912 2393 1073 2458; x_wconf 88' lang='lat' dir='ltr'><strong>lleisterus</strong></span> <span class='ocrx_word' id='word_1_161' title='bbox 1096 2392 1214 2466; x_wconf 82' lang='lat' dir='ltr'><strong>(Letzte</strong></span> <span class='ocrx_word' id='word_1_162' title='bbox 1238 2392 1359 2460; x_wconf 86' lang='lat' dir='ltr'><strong>Studien</strong></span> <span class='ocrx_word' id='word_1_163' title='bbox 1381 2411 1410 2476; x_wconf 86' lang='lat' dir='ltr'><strong>p.</strong></span> 
     </span>
     <span class='ocr_line' id='line_1_21' title="bbox 274 2495 1412 2580; baseline -0.002 -18"><span class='ocrx_word' id='word_1_164' title='bbox 274 2496 317 2562; x_wconf 86' lang='lat'><strong>30</strong></span> <span class='ocrx_word' id='word_1_165' title='bbox 341 2503 424 2579; x_wconf 81' lang='lat' dir='ltr'><strong>sqq.)</strong></span> <span class='ocrx_word' id='word_1_166' title='bbox 447 2506 477 2562; x_wconf 92' lang='lat' dir='ltr'><strong>et</strong></span> <span class='ocrx_word' id='word_1_167' title='bbox 498 2498 620 2562; x_wconf 89' lang='lat' dir='ltr'><strong>Jahnius</strong></span> <span class='ocrx_word' id='word_1_168' title='bbox 644 2498 743 2580; x_wconf 80' lang='lat' dir='ltr'><strong>(proli.</strong></span> <span class='ocrx_word' id='word_1_169' title='bbox 768 2517 796 2579; x_wconf 88' lang='lat' dir='ltr'><strong>p.</strong></span> <span class='ocrx_word' id='word_1_170' title='bbox 819 2497 872 2562; x_wconf 89' lang='lat'><strong>83.</strong></span> <span class='ocrx_word' id='word_1_171' title='bbox 898 2495 960 2561; x_wconf 84' lang='grc'><strong>104</strong></span> <span class='ocrx_word' id='word_1_172' title='bbox 980 2497 1061 2579; x_wconf 83' lang='lat' dir='ltr'><strong>sqq)</strong></span> <span class='ocrx_word' id='word_1_173' title='bbox 1092 2499 1256 2562; x_wconf 86' lang='lat' dir='ltr'><strong>accuratius</strong></span> <span class='ocrx_word' id='word_1_174' title='bbox 1279 2497 1412 2580; x_wconf 87' lang='lat' dir='ltr'><strong>explica-</strong></span> 
     </span>
     <span class='ocr_line' id='line_1_22' title="bbox 234 2591 1410 2685; baseline 0 -21"><span class='ocrx_word' id='word_1_175' title='bbox 234 2591 235 2596; x_wconf 62' lang='grc'>’</span> <span class='ocrx_word' id='word_1_176' title='bbox 274 2609 354 2664; x_wconf 84' lang='lat' dir='ltr'><strong>runt.</strong></span> <span class='ocrx_word' id='word_1_177' title='bbox 377 2601 462 2666; x_wconf 79' lang='lat' dir='ltr'><strong>Adde</strong></span> <span class='ocrx_word' id='word_1_178' title='bbox 486 2602 590 2666; x_wconf 91' lang='lat' dir='ltr'><strong>similia</strong></span> <span class='ocrx_word' id='word_1_179' title='bbox 614 2623 631 2664; x_wconf 90' lang='lat' dir='ltr'><strong>e</strong></span> <span class='ocrx_word' id='word_1_180' title='bbox 655 2603 712 2664; x_wconf 91' lang='lat' dir='ltr'><strong>vita</strong></span> <span class='ocrx_word' id='word_1_181' title='bbox 736 2601 905 2682; x_wconf 90' lang='lat' dir='ltr'><strong>quotidiana</strong></span> <span class='ocrx_word' id='word_1_182' title='bbox 935 2603 1025 2682; x_wconf 89' lang='lat' dir='ltr'><strong>petita</strong></span> <span class='ocrx_word' id='word_1_183' title='bbox 1055 2610 1085 2664; x_wconf 91' lang='lat' dir='ltr'><strong>et</strong></span> <span class='ocrx_word' id='word_1_184' title='bbox 1109 2603 1282 2685; x_wconf 82' lang='lat' dir='ltr'><strong>proverbia,</strong></span> <span class='ocrx_word' id='word_1_185' title='bbox 1304 2601 1410 2682; x_wconf 91' lang='lat' dir='ltr'><strong>quibus</strong></span> 
     </span>
     <span class='ocr_line' id='line_1_23' title="bbox 275 2703 1411 2788; baseline 0 -20"><span class='ocrx_word' id='word_1_186' title='bbox 275 2705 453 2786; x_wconf 83' lang='lat' dir='ltr'><strong>saepissime</strong></span> <span class='ocrx_word' id='word_1_187' title='bbox 476 2705 576 2783; x_wconf 89' lang='lat' dir='ltr'><strong>utitur,</strong></span> <span class='ocrx_word' id='word_1_188' title='bbox 599 2705 652 2782; x_wconf 81' lang='lat' dir='ltr'><strong>(cl.</strong></span> <span class='ocrx_word' id='word_1_189' title='bbox 674 2705 761 2768; x_wconf 90' lang='lat' dir='ltr'><strong>Jahn.</strong></span> <span class='ocrx_word' id='word_1_190' title='bbox 785 2725 814 2787; x_wconf 82' lang='lat' dir='ltr'><strong>p.</strong></span> <span class='ocrx_word' id='word_1_191' title='bbox 840 2704 941 2782; x_wconf 87' lang='lat'>106);</span> <span class='ocrx_word' id='word_1_192' title='bbox 970 2707 1133 2788; x_wconf 88' lang='lat' dir='ltr'><strong>scriptores</strong></span> <span class='ocrx_word' id='word_1_193' title='bbox 1166 2705 1245 2770; x_wconf 85' lang='lat' dir='ltr'><strong>docti</strong></span> <span class='ocrx_word' id='word_1_194' title='bbox 1267 2703 1315 2770; x_wconf 84' lang='lat' dir='ltr'><strong>illa</strong></span> <span class='ocrx_word' id='word_1_195' title='bbox 1338 2704 1411 2768; x_wconf 87' lang='lat' dir='ltr'><strong>des-</strong></span> 
     </span>
     <span class='ocr_line' id='line_1_24' title="bbox 272 2807 1412 2892; baseline 0.002 -22"><span class='ocrx_word' id='word_1_196' title='bbox 272 2809 384 2890; x_wconf 89' lang='lat' dir='ltr'><strong>piciunt</strong></span> <span class='ocrx_word' id='word_1_197' title='bbox 406 2816 436 2872; x_wconf 91' lang='lat' dir='ltr'><strong>et</strong></span> <span class='ocrx_word' id='word_1_198' title='bbox 457 2816 665 2888; x_wconf 87' lang='lat' dir='ltr'><strong>contemnunt,</strong></span> <span class='ocrx_word' id='word_1_199' title='bbox 687 2827 764 2890; x_wconf 91' lang='lat' dir='ltr'><strong>quae</strong></span> <span class='ocrx_word' id='word_1_200' title='bbox 794 2810 844 2892; x_wconf 90' lang='lat' dir='ltr'><strong>qui</strong></span> <span class='ocrx_word' id='word_1_201' title='bbox 875 2811 927 2889; x_wconf 94' lang='lat' dir='ltr'><strong>„in</strong></span> <span class='ocrx_word' id='word_1_202' title='bbox 956 2809 1039 2874; x_wconf 91' lang='lat' dir='ltr'><strong>bisce</strong></span> <span class='ocrx_word' id='word_1_203' title='bbox 1069 2809 1199 2891; x_wconf 89' lang='lat' dir='ltr'><strong>quotidie</strong></span> <span class='ocrx_word' id='word_1_204' title='bbox 1230 2807 1412 2874; x_wconf 85' lang='lat' dir='ltr'><strong>versantur“</strong></span> 
     </span>
     <span class='ocr_line' id='line_1_25' title="bbox 273 2907 1307 2994; baseline 0 -19"><span class='ocrx_word' id='word_1_205' title='bbox 273 2907 372 2994; x_wconf 86' lang='lat' dir='ltr'><strong>(Jahn.</strong></span> <span class='ocrx_word' id='word_1_206' title='bbox 395 2913 452 2988; x_wconf 86' lang='lat' dir='ltr'><strong>ib.)</strong></span> <span class='ocrx_word' id='word_1_207' title='bbox 477 2913 619 2978; x_wconf 88' lang='lat' dir='ltr'><strong>adhibere</strong></span> <span class='ocrx_word' id='word_1_208' title='bbox 640 2912 747 2977; x_wconf 87' lang='lat' dir='ltr'><strong>solent.</strong></span> <span class='ocrx_word' id='word_1_209' title='bbox 1304 2919 1307 2924; x_wconf 86' lang='lat'>&#39;</span> 
     </span>
     <span class='ocr_line' id='line_1_26' title="bbox 359 3014 1411 3099; baseline 0.004 -21"><span class='ocrx_word' id='word_1_210' title='bbox 359 3015 447 3090; x_wconf 80' lang='lat' dir='ltr'><strong>Quod</strong></span> <span class='ocrx_word' id='word_1_211' title='bbox 468 3015 589 3080; x_wconf 87' lang='lat' dir='ltr'><strong>lahnius</strong></span> <span class='ocrx_word' id='word_1_212' title='bbox 612 3015 697 3080; x_wconf 91' lang='lat' dir='ltr'><strong>docta</strong></span> <span class='ocrx_word' id='word_1_213' title='bbox 720 3017 893 3099; x_wconf 86' lang='lat' dir='ltr'><strong>quaestione</strong></span> <span class='ocrx_word' id='word_1_214' title='bbox 917 3017 954 3080; x_wconf 95' lang='lat' dir='ltr'><strong>de</strong></span> <span class='ocrx_word' id='word_1_215' title='bbox 975 3019 1067 3082; x_wconf 90' lang='lat' dir='ltr'><strong>mimis</strong></span> <span class='ocrx_word' id='word_1_216' title='bbox 1095 3019 1224 3082; x_wconf 87' lang='lat' dir='ltr'><strong>instituta</strong></span> <span class='ocrx_word' id='word_1_217' title='bbox 1255 3020 1302 3098; x_wconf 85' lang='lat' dir='ltr'><strong>(p.</strong></span> <span class='ocrx_word' id='word_1_218' title='bbox 1325 3014 1411 3082; x_wconf 76' lang='lat'><strong>82-</strong></span> 
     </span>
    </p>
   </div>
   <div class='ocr_carea' id='block_1_5' title="bbox 276 3120 1548 3203">
    <p class='ocr_par' dir='ltr' id='par_1_5' title="bbox 276 3120 1548 3203">
     <span class='ocr_line' id='line_1_27' title="bbox 276 3120 1548 3203; baseline -0.001 -20"><span class='ocrx_word' id='word_1_219' title='bbox 276 3120 355 3194; x_wconf 85' lang='grc'>101)</span> <span class='ocrx_word' id='word_1_220' title='bbox 377 3121 506 3203; x_wconf 89' lang='lat' dir='ltr'><strong>probare</strong></span> <span class='ocrx_word' id='word_1_221' title='bbox 525 3121 658 3200; x_wconf 90' lang='lat' dir='ltr'><strong>tentavit,</strong></span> <span class='ocrx_word' id='word_1_222' title='bbox 681 3121 811 3184; x_wconf 88' lang='lat' dir='ltr'><strong>Persium</strong></span> <span class='ocrx_word' id='word_1_223' title='bbox 833 3128 927 3184; x_wconf 85' lang='lat' dir='ltr'><strong>artem</strong></span> <span class='ocrx_word' id='word_1_224' title='bbox 951 3139 1030 3203; x_wconf 88' lang='lat' dir='ltr'><strong>quae</strong></span> <span class='ocrx_word' id='word_1_225' title='bbox 1053 3121 1094 3186; x_wconf 94' lang='lat' dir='ltr'><strong>illi</strong></span> <span class='ocrx_word' id='word_1_226' title='bbox 1109 3123 1247 3186; x_wconf 91' lang='lat' dir='ltr'><strong>tribuitur</strong></span> <span class='ocrx_word' id='word_1_227' title='bbox 1269 3121 1411 3186; x_wconf 89' lang='lat' dir='ltr'><strong>mimicam</strong></span> <span class='ocrx_word' id='word_1_228' title='bbox 1547 3173 1548 3182; x_wconf 73' lang='grc'>,</span> 
     </span>
    </p>
   </div>
   <div class='ocr_carea' id='block_1_6' title="bbox 274 3224 1413 4362">
    <p class='ocr_par' dir='ltr' id='par_1_6' title="bbox 274 3224 1413 4362">
     <span class='ocr_line' id='line_1_28' title="bbox 275 3224 1412 3307; baseline 0 -19"><span class='ocrx_word' id='word_1_229' title='bbox 275 3225 335 3288; x_wconf 90' lang='lat' dir='ltr'><strong>acri</strong></span> <span class='ocrx_word' id='word_1_230' title='bbox 359 3243 394 3287; x_wconf 93' lang='lat' dir='ltr'><strong>ac</strong></span> <span class='ocrx_word' id='word_1_231' title='bbox 415 3224 545 3307; x_wconf 83' lang='lat' dir='ltr'><strong>diligenti</strong></span> <span class='ocrx_word' id='word_1_232' title='bbox 572 3225 671 3288; x_wconf 89' lang='lat' dir='ltr'><strong>studio</strong></span> <span class='ocrx_word' id='word_1_233' title='bbox 694 3225 723 3287; x_wconf 92' lang='lat' dir='ltr'><strong>in</strong></span> <span class='ocrx_word' id='word_1_234' title='bbox 745 3225 908 3307; x_wconf 90' lang='lat' dir='ltr'><strong>Sophronis</strong></span> <span class='ocrx_word' id='word_1_235' title='bbox 931 3227 1107 3292; x_wconf 88' lang='lat' dir='ltr'><strong>carminibus</strong></span> <span class='ocrx_word' id='word_1_236' title='bbox 1130 3227 1226 3307; x_wconf 88' lang='lat' dir='ltr'><strong>posito</strong></span> <span class='ocrx_word' id='word_1_237' title='bbox 1248 3226 1304 3289; x_wconf 91' lang='lat' dir='ltr'><strong>sibi</strong></span> <span class='ocrx_word' id='word_1_238' title='bbox 1326 3245 1412 3290; x_wconf 89' lang='lat' dir='ltr'><strong>com-</strong></span> 
     </span>
     <span class='ocr_line' id='line_1_29' title="bbox 275 3329 1409 3411; baseline 0.004 -22"><span class='ocrx_word' id='word_1_239' title='bbox 275 3346 404 3410; x_wconf 89' lang='lat' dir='ltr'><strong>parasse,</strong></span> <span class='ocrx_word' id='word_1_240' title='bbox 426 3329 513 3392; x_wconf 91' lang='lat' dir='ltr'><strong>nullis</strong></span> <span class='ocrx_word' id='word_1_241' title='bbox 536 3337 671 3394; x_wconf 88' lang='lat' dir='ltr'><strong>veterum</strong></span> <span class='ocrx_word' id='word_1_242' title='bbox 694 3330 871 3411; x_wconf 86' lang='lat' dir='ltr'><strong>scriptorum</strong></span> <span class='ocrx_word' id='word_1_243' title='bbox 902 3331 1074 3394; x_wconf 86' lang='lat' dir='ltr'><strong>testimoniis</strong></span> <span class='ocrx_word' id='word_1_244' title='bbox 1107 3329 1305 3396; x_wconf 86' lang='lat' dir='ltr'><strong>confirmatur.</strong></span> <span class='ocrx_word' id='word_1_245' title='bbox 1337 3330 1409 3393; x_wconf 78' lang='lat' dir='ltr'><strong>eer-</strong></span> 
     </span>
     <span class='ocr_line' id='line_1_30' title="bbox 275 3432 1412 3516; baseline -0.002 -18"><span class='ocrx_word' id='word_1_246' title='bbox 275 3433 339 3498; x_wconf 86' lang='lat' dir='ltr'><strong>sius</strong></span> <span class='ocrx_word' id='word_1_247' title='bbox 368 3433 443 3496; x_wconf 90' lang='lat' dir='ltr'><strong>illam</strong></span> <span class='ocrx_word' id='word_1_248' title='bbox 473 3452 559 3516; x_wconf 88' lang='lat' dir='ltr'><strong>quam</strong></span> <span class='ocrx_word' id='word_1_249' title='bbox 582 3433 697 3498; x_wconf 85' lang='lat' dir='ltr'><strong>laudavi</strong></span> <span class='ocrx_word' id='word_1_250' title='bbox 728 3441 819 3497; x_wconf 88' lang='lat' dir='ltr'><strong>artem</strong></span> <span class='ocrx_word' id='word_1_251' title='bbox 850 3451 910 3496; x_wconf 92' lang='lat' dir='ltr'><strong>uon</strong></span> <span class='ocrx_word' id='word_1_252' title='bbox 941 3433 1038 3499; x_wconf 90' lang='lat' dir='ltr'><strong>studio</strong></span> <span class='ocrx_word' id='word_1_253' title='bbox 1068 3434 1182 3512; x_wconf 91' lang='lat' dir='ltr'><strong>didicit,</strong></span> <span class='ocrx_word' id='word_1_254' title='bbox 1203 3432 1259 3498; x_wconf 91' lang='lat' dir='ltr'><strong>sed</strong></span> <span class='ocrx_word' id='word_1_255' title='bbox 1288 3452 1326 3496; x_wconf 90' lang='lat' dir='ltr'><strong>ex</strong></span> <span class='ocrx_word' id='word_1_256' title='bbox 1354 3435 1412 3498; x_wconf 88' lang='lat' dir='ltr'><strong>vita</strong></span> 
     </span>
     <span class='ocr_line' id='line_1_31' title="bbox 274 3537 1411 3620; baseline 0 -20"><span class='ocrx_word' id='word_1_257' title='bbox 274 3537 340 3618; x_wconf 90' lang='lat' dir='ltr'><strong>ipsa</strong></span> <span class='ocrx_word' id='word_1_258' title='bbox 362 3539 486 3618; x_wconf 86' lang='lat' dir='ltr'><strong>arripuit</strong></span> <span class='ocrx_word' id='word_1_259' title='bbox 508 3546 537 3602; x_wconf 88' lang='lat' dir='ltr'><strong>et</strong></span> <span class='ocrx_word' id='word_1_260' title='bbox 560 3539 645 3619; x_wconf 89' lang='lat' dir='ltr'><strong>quasi</strong></span> <span class='ocrx_word' id='word_1_261' title='bbox 665 3537 763 3600; x_wconf 88' lang='lat' dir='ltr'><strong>dotem</strong></span> <span class='ocrx_word' id='word_1_262' title='bbox 787 3559 804 3602; x_wconf 89' lang='lat' dir='ltr'><strong>a</strong></span> <span class='ocrx_word' id='word_1_263' title='bbox 827 3545 931 3600; x_wconf 89' lang='lat' dir='ltr'><strong>natura</strong></span> <span class='ocrx_word' id='word_1_264' title='bbox 954 3539 1075 3620; x_wconf 84' lang='lat' dir='ltr'><strong>accepit</strong></span> <span class='ocrx_word' id='word_1_265' title='bbox 1105 3538 1168 3617; x_wconf 89' lang='lat' dir='ltr'><strong>llla,</strong></span> <span class='ocrx_word' id='word_1_266' title='bbox 1191 3541 1241 3620; x_wconf 92' lang='lat' dir='ltr'><strong>qui</strong></span> <span class='ocrx_word' id='word_1_267' title='bbox 1263 3539 1411 3602; x_wconf 88' lang='lat' dir='ltr'><strong>hominum</strong></span> 
     </span>
     <span class='ocr_line' id='line_1_32' title="bbox 274 3641 1413 3722; baseline 0 -18"><span class='ocrx_word' id='word_1_268' title='bbox 274 3641 518 3706; x_wconf 88' lang='lat' dir='ltr'><strong>consuetudinem</strong></span> <span class='ocrx_word' id='word_1_269' title='bbox 549 3642 708 3706; x_wconf 85' lang='lat' dir='ltr'><strong>fastidiissc</strong></span> <span class='ocrx_word' id='word_1_270' title='bbox 739 3642 863 3720; x_wconf 91' lang='lat' dir='ltr'><strong>dicitur,</strong></span> <span class='ocrx_word' id='word_1_271' title='bbox 893 3643 944 3722; x_wconf 94' lang='lat' dir='ltr'><strong>qui</strong></span> <span class='ocrx_word' id='word_1_272' title='bbox 975 3643 1104 3722; x_wconf 90' lang='lat' dir='ltr'><strong>potuerit</strong></span> <span class='ocrx_word' id='word_1_273' title='bbox 1137 3643 1252 3706; x_wconf 93' lang='lat' dir='ltr'><strong>illorum</strong></span> <span class='ocrx_word' id='word_1_274' title='bbox 1281 3651 1413 3707; x_wconf 91' lang='lat' dir='ltr'><strong>naturam</strong></span> 
     </span>
     <span class='ocr_line' id='line_1_33' title="bbox 274 3745 1413 3830; baseline 0.001 -22"><span class='ocrx_word' id='word_1_275' title='bbox 274 3754 332 3820; x_wconf 89' lang='lat' dir='ltr'><strong>tam</strong></span> <span class='ocrx_word' id='word_1_276' title='bbox 355 3747 433 3810; x_wconf 90' lang='lat' dir='ltr'><strong>bene</strong></span> <span class='ocrx_word' id='word_1_277' title='bbox 456 3748 603 3830; x_wconf 82' lang='lat' dir='ltr'><strong>cognitum</strong></span> <span class='ocrx_word' id='word_1_278' title='bbox 627 3747 757 3824; x_wconf 88' lang='lat' dir='ltr'><strong>habere,</strong></span> <span class='ocrx_word' id='word_1_279' title='bbox 789 3754 847 3812; x_wconf 91' lang='lat' dir='ltr'><strong>tam</strong></span> <span class='ocrx_word' id='word_1_280' title='bbox 877 3746 914 3809; x_wconf 95' lang='lat' dir='ltr'><strong>ad</strong></span> <span class='ocrx_word' id='word_1_281' title='bbox 942 3765 1046 3808; x_wconf 90' lang='lat' dir='ltr'><strong>verum</strong></span> <span class='ocrx_word' id='word_1_282' title='bbox 1074 3747 1261 3827; x_wconf 76' lang='lat' dir='ltr'><strong>exprimere,</strong></span> <span class='ocrx_word' id='word_1_283' title='bbox 1284 3755 1315 3810; x_wconf 88' lang='lat' dir='ltr'><strong>ut</strong></span> <span class='ocrx_word' id='word_1_284' title='bbox 1343 3745 1413 3828; x_wconf 87' lang='lat' dir='ltr'><strong>quid</strong></span> 
     </span>
     <span class='ocr_line' id='line_1_34' title="bbox 275 3849 1412 3933; baseline 0 -19"><span class='ocrx_word' id='word_1_285' title='bbox 275 3851 400 3914; x_wconf 90' lang='lat' dir='ltr'><strong>maxime</strong></span> <span class='ocrx_word' id='word_1_286' title='bbox 424 3869 571 3932; x_wconf 90' lang='lat' dir='ltr'><strong>quemque</strong></span> <span class='ocrx_word' id='word_1_287' title='bbox 595 3850 709 3930; x_wconf 87' lang='lat' dir='ltr'><strong>deceat,</strong></span> <span class='ocrx_word' id='word_1_288' title='bbox 732 3849 802 3932; x_wconf 92' lang='lat' dir='ltr'><strong>quid</strong></span> <span class='ocrx_word' id='word_1_289' title='bbox 824 3850 967 3933; x_wconf 88' lang='lat' dir='ltr'><strong>cujusque</strong></span> <span class='ocrx_word' id='word_1_290' title='bbox 998 3852 1037 3914; x_wconf 91' lang='lat' dir='ltr'><strong>sit</strong></span> <span class='ocrx_word' id='word_1_291' title='bbox 1065 3853 1192 3914; x_wconf 89' lang='lat' dir='ltr'><strong>maxime</strong></span> <span class='ocrx_word' id='word_1_292' title='bbox 1214 3871 1310 3931; x_wconf 90' lang='lat' dir='ltr'><strong>suum,</strong></span> <span class='ocrx_word' id='word_1_293' title='bbox 1334 3869 1412 3914; x_wconf 90' lang='lat' dir='ltr'><strong>nun-</strong></span> 
     </span>
     <span class='ocr_line' id='line_1_35' title="bbox 275 3943 1412 4040; baseline 0.001 -21"><span class='ocrx_word' id='word_1_294' title='bbox 275 3974 364 4037; x_wconf 88' lang='lat' dir='ltr'><strong>quam</strong></span> <span class='ocrx_word' id='word_1_295' title='bbox 386 3957 506 4020; x_wconf 90' lang='lat' dir='ltr'><strong>nescius</strong></span> <span class='ocrx_word' id='word_1_296' title='bbox 530 3955 592 4020; x_wconf 85' lang='lat' dir='ltr'><strong>sit?</strong></span> <span class='ocrx_word' id='word_1_297' title='bbox 621 3955 700 4018; x_wconf 88' lang='lat' dir='ltr'><strong>llaec</strong></span> <span class='ocrx_word' id='word_1_298' title='bbox 728 3955 821 4018; x_wconf 89' lang='lat' dir='ltr'><strong>Persii</strong></span> <span class='ocrx_word' id='word_1_299' title='bbox 852 3943 1011 4040; x_wconf 71' lang='grc' dir='ltr'><strong>ἠθοποιΐα</strong></span> <span class='ocrx_word' id='word_1_300' title='bbox 1033 3963 1064 4019; x_wconf 92' lang='lat' dir='ltr'><strong>et</strong></span> <span class='ocrx_word' id='word_1_301' title='bbox 1086 3947 1233 4040; x_wconf 75' lang='grc' dir='ltr'><strong><em>ἐνάργεια</em></strong></span> <span class='ocrx_word' id='word_1_302' title='bbox 1261 3975 1297 4018; x_wconf 90' lang='lat' dir='ltr'><strong>eo</strong></span> <span class='ocrx_word' id='word_1_303' title='bbox 1319 3956 1412 4038; x_wconf 76' lang='lat' dir='ltr'><strong>magis</strong></span> 
     </span>
     <span class='ocr_line' id='line_1_36' title="bbox 276 4058 1412 4142; baseline -0.002 -18"><span class='ocrx_word' id='word_1_304' title='bbox 276 4058 453 4124; x_wconf 89' lang='lat' dir='ltr'><strong>admirabilis</strong></span> <span class='ocrx_word' id='word_1_305' title='bbox 477 4067 533 4138; x_wconf 91' lang='lat' dir='ltr'><strong>cst,</strong></span> <span class='ocrx_word' id='word_1_306' title='bbox 557 4077 619 4140; x_wconf 90' lang='lat' dir='ltr'><strong>quo</strong></span> <span class='ocrx_word' id='word_1_307' title='bbox 642 4058 783 4122; x_wconf 87' lang='lat' dir='ltr'><strong>difficilius</strong></span> <span class='ocrx_word' id='word_1_308' title='bbox 814 4066 871 4138; x_wconf 88' lang='lat' dir='ltr'><strong>est,</strong></span> <span class='ocrx_word' id='word_1_309' title='bbox 900 4060 1055 4124; x_wconf 86' lang='lat' dir='ltr'><strong>satirarum</strong></span> <span class='ocrx_word' id='word_1_310' title='bbox 1078 4061 1255 4142; x_wconf 87' lang='lat' dir='ltr'><strong>scriptorem</strong></span> <span class='ocrx_word' id='word_1_311' title='bbox 1278 4061 1312 4123; x_wconf 88' lang='lat' dir='ltr'><strong>iis</strong></span> <span class='ocrx_word' id='word_1_312' title='bbox 1335 4075 1412 4122; x_wconf 91' lang='lat' dir='ltr'><strong>con-</strong></span> 
     </span>
     <span class='ocr_line' id='line_1_37' title="bbox 276 4160 1412 4246; baseline 0 -18"><span class='ocrx_word' id='word_1_313' title='bbox 276 4165 362 4228; x_wconf 85' lang='lat' dir='ltr'><strong>tineri</strong></span> <span class='ocrx_word' id='word_1_314' title='bbox 385 4162 501 4242; x_wconf 88' lang='lat' dir='ltr'><strong>tinibus,</strong></span> <span class='ocrx_word' id='word_1_315' title='bbox 531 4181 628 4244; x_wconf 90' lang='lat' dir='ltr'><strong>„quos</strong></span> <span class='ocrx_word' id='word_1_316' title='bbox 658 4163 734 4226; x_wconf 92' lang='lat' dir='ltr'><strong>ultra</strong></span> <span class='ocrx_word' id='word_1_317' title='bbox 770 4163 901 4244; x_wconf 90' lang='lat' dir='ltr'><strong>citraque</strong></span> <span class='ocrx_word' id='word_1_318' title='bbox 936 4165 1035 4246; x_wconf 90' lang='lat' dir='ltr'><strong>nequit</strong></span> <span class='ocrx_word' id='word_1_319' title='bbox 1070 4160 1412 4240; x_wconf 83' lang='lat' dir='ltr'><strong>consistere·recrun‚“</strong></span> 
     </span>
     <span class='ocr_line' id='line_1_38' title="bbox 277 4266 1412 4362; baseline -0.002 -28"><span class='ocrx_word' id='word_1_320' title='bbox 277 4287 367 4354; x_wconf 88' lang='lat' dir='ltr'><strong>quum</strong></span> <span class='ocrx_word' id='word_1_321' title='bbox 397 4267 516 4353; x_wconf 86' lang='lat' dir='ltr'><strong>longius</strong></span> <span class='ocrx_word' id='word_1_322' title='bbox 546 4268 576 4332; x_wconf 92' lang='lat' dir='ltr'><strong>in</strong></span> <span class='ocrx_word' id='word_1_323' title='bbox 606 4267 731 4352; x_wconf 79' lang='lat' dir='ltr'><strong>singulis</strong></span> <span class='ocrx_word' id='word_1_324' title='bbox 762 4266 957 4351; x_wconf 80' lang='lat' dir='ltr'><strong>depingendis</strong></span> <span class='ocrx_word' id='word_1_325' title='bbox 987 4276 1185 4334; x_wconf 88' lang='lat' dir='ltr'><strong>commoratus</strong></span> <span class='ocrx_word' id='word_1_326' title='bbox 1216 4270 1323 4362; x_wconf 85' lang='lat' dir='ltr'><strong>satirae</strong></span> <span class='ocrx_word' id='word_1_327' title='bbox 1352 4267 1412 4332; x_wconf 83' lang='lat' dir='ltr'><strong>aim</strong></span> 
     </span>
    </p>
   </div>
   <div class='ocr_carea' id='block_1_7' title="bbox 0 0 1589 4904">
    <p class='ocr_par' dir='ltr' id='par_1_7' title="bbox 0 0 1589 4904">
     <span class='ocr_line' id='line_1_39' title="bbox 0 0 1589 4904; baseline 0 0"><span class='ocrx_word' id='word_1_328' title='bbox 0 0 1589 4904; x_wconf 95' lang='lat' dir='ltr'><strong> </strong></span> 
     </span>
    </p>
   </div>
  </div>
 </body>
</html>
