3162 4904
704 291 757 374 tt

161 487 308 573 purime
337 486 446 559 timot
475 481 561 560 lime
583 481 729 554 sentenia
751 481 1041 563 murina-‘putem
1064 499 1104 546 ox
1121 479 1198 561 itis,
1223 483 1303 563 quaa

163 597 194 662 itt
225 593 286 659 rita
314 591 471 676 leguntur,
501 587 618 657 verbim
648 593 700 666 „et
729 603 819 655 rure
850 593 881 650 et
908 585 1018 650 tarde
1045 581 1187 670 scripsit“
1207 598 1303 667 prere

162 697 318 772 implicetis
342 692 481 775 proiectu
510 709 581 764 essu
610 690 679 760 mite
707 689 841 769 videtum
870 690 1006 756 Persium
1023 691 1113 756 tardo
1131 688 1306 771 soripsisse,

75 853 79 858 .
163 800 244 885 quod
272 799 349 869 tardi
377 796 486 881 ingenii
520 795 707 873 existimant,
745 795 927 862 oooolamant
960 813 1081 876 omnes,
1121 792 1203 876 quod
1233 809 1306 858 raro

162 905 321 987 scripsisse
350 901 457 976 dieitur
486 900 733 982 praetermittunt.
760 899 811 967 lile
836 899 1073 982 breviloquentia
1101 906 1131 964 et
1153 899 1182 962 in
1204 905 1304 963 hm·-

163 1009 320 1077 lutionibus
342 1005 475 1085 andacia,
497 1005 527 1078 in
551 1002 827 1086 quemeumque,
854 1003 922 1072 dum
946 1004 1041 1069 Persii
1065 1003 1172 1068 satiras
1190 1001 1309 1097 legunt,

162 1111 339 1190 offendunt,
359 1110 455 1181 l'ersii
477 1115 574 1178 astate
597 1107 674 1190 apud
697 1108 832 1190 optimos,
848 1109 1014 1192 solutores
1036 1107 1191 1184 valebunt,
1214 1123 1304 1188 quun

164 1218 223 1297 ulii,
245 1217 294 1298 qui
317 1216 413 1281 omnio
436 1213 474 1280 ad
497 1213 677 1294 voluptatem
698 1212 891 1281 multitudinis
907 1215 1060 1296 imperitae
1077 1213 1307 1294 componebant,

164 1322 312 1395 sunonis
334 1319 456 1395 lasciuia
478 1327 508 1389 et
533 1317 670 1395 rnullitie,
704 1317 855 1399 pejoribus
877 1318 971 1398 uitiis,
990 1317 1163 1384 mererent
1183 1325 1214 1380 et
1234 1315 1305 1382 tte*

164 1444 213 1497 ros
236 1426 346 1491 misere
369 1428 605 1504 corrumperent.
635 1420 692 1495 Qui
714 1422 793 1492 ilium
816 1423 963 1506 literarum
990 1431 1096 1488 uterum
1126 1421 1307 1489 considera-

166 1531 256 1609 rcrit,
287 1527 452 1604 Quintiliani
472 1527 649 1600 sententiam
672 1527 759 1600 (inst.
781 1545 825 1596 or.
847 1525 907 1606 iil,
927 1528 966 1608 d,
990 1525 1086 1603 libis
1107 1527 1158 1607 „in
1181 1527 1308 1590 univers

167 1641 371 1710 sumentem,
401 1632 430 1696 si
450 1632 489 1696 sit
510 1648 656 1710 neeesse,
685 1630 790 1702 duram
819 1633 919 1712 potitis
942 1639 1032 1713 atque
1062 1650 1199 1714 asperam
1222 1649 1309 1697 oom-

166 1739 343 1822 qmpitiunem
360 1736 466 1814 malim,
487 1753 576 1817 quam
599 1735 797 1808 effeminatam
820 1743 907 1816 utqtm
928 1753 1086 1814 enervem
1113 1736 1210 1818 quotie
1232 1733 1311 1817 apud

167 1839 300 1914 multos“
323 1841 454 1923 probare
477 1858 537 1904 non
560 1839 710 1907 dubitabit
748 1841 929 1907 Pervereum
952 1839 1025 1907 illud
1047 1841 1190 1907 orationis
1212 1840 1313 1910 effur-

169 1946 285 2017 demiue
309 1944 453 2023 studitmr,
475 1962 536 2026 quo
560 1951 629 2009 tune
650 1943 766 2024 plurimi
788 1944 978 2024 terebantur,
1000 1946 1119 2010 Persius
1141 1963 1203 2010 nun
1222 1941 1314 2008 modo

173 2052 262 2120 satim
284 2050 376 2130 prima
399 2048 591 2115 acerbissime
613 2049 779 2131 castigavit,
807 2048 863 2118 sed
886 2051 984 2127 etium,
1015 2049 1151 2114 omnibus
1174 2047 1316 2112 oretis-is

57 2194 60 2202 ,
175 2171 235 2219 noo
259 2155 456 2232 ornamentis,
483 2152 536 2220 sed
566 2152 720 2224 lenociniis
735 2152 862 2220 =iortiter
884 2155 1018 2236 rejectis,
1050 2171 1107 2218 stro
1128 2154 1222 2236 ipsius
1243 2170 1316 2218 ser-

177 2273 264 2322 mone
295 2255 349 2320 iliis
371 2256 595 2341 repugnandum
626 2275 695 2326 esse
713 2256 865 2339 judicavit
895 2258 1081 2343 singularem
1104 2259 1197 2324 Persii
1220 2259 1316 2322 virtit-

174 2369 232 2425 tem
265 2360 295 2431 itt
325 2360 380 2426 boo
402 2362 527 2444 positum
551 2369 641 2447 puto,
671 2361 772 2442 quod,
801 2363 848 2426 eui
868 2363 975 2428 ullu'la
997 2371 1103 2428 natura
1126 2362 1330 2448 denegatum,

174 2482 273 2546 neque
288 2483 305 2528 a
322 2463 456 2531 docmina
479 2483 539 2532 non
563 2465 692 2533 delatum
714 2465 885 2546 videbatur,
906 2468 1049 2550 puerilem
1072 2467 1148 2530 illam
1170 2467 1317 2533 romanis

176 2567 282 2637 eruditi
306 2576 337 2632 ut
359 2569 509 2635 rhetorum
529 2587 612 2640 more
635 2571 770 2638 exorant
793 2573 1016 2638 ostentationem
1039 2577 1215 2652 aspernatus
1227 2570 1318 2653 grati

177 2693 212 2744 ac
235 2691 384 2756 nervoso,
410 2679 617 2754 nonnunquam
645 2674 766 2755 quidem
789 2675 865 2742 doro
894 2695 1037 2740 sermone
1058 2693 1131 2740 usus
1154 2682 1210 2740 est.
1249 2672 1317 2738 Ad·-

178 2778 276 2853 stricta
298 2777 347 2849 illa
369 2777 487 2845 dicendi
508 2778 660 2857 brevitas,
682 2786 715 2848 ut
732 2777 790 2849 ¹olio
812 2781 959 2860 omittam,
990 2781 1093 2844 Persio
1116 2799 1182 2844 mun
1204 2779 1319 2854 tamo,

178 2881 244 2964 ipso
274 2891 395 2949 dremne
427 2882 474 2945 vel
505 2883 602 2964 potius
633 2891 738 2965 poete,
768 2885 930 2950 eommunis
962 2891 1023 2962 estc
1052 2891 1182 2965 uterque
1218 2883 1319 2948 verbis

170 3003 299 3072 ‚pressus
321 2988 477 3063 sententiis
498 2985 637 3053 abundat.
650 2970 655 2980 “
669 2988 873 3056 Domioetioae
899 2989 1077 3069 impotente,
1107 2988 1238 3052 omnbus
1260 3005 1320 3053 nort

170 3091 232 3173 jrm
255 3093 378 3176 integris
401 3091 591 3175 perniciose,
613 3090 682 3162 dum
705 3092 823 3176 ingenie
846 3092 990 3158 imbesilla
1014 3092 1231 3176 opprimuntur,
1253 3091 1321 3156 ion-

175 3197 215 3258 tia
237 3197 372 3279 ingenie,
395 3196 529 3274 Tacitus,
553 3195 756 3278 Thucydides,
787 3196 913 3277 Cicero,
935 3197 1167 3274 Demosthenes,
1189 3213 1318 3279 proruo*

179 3307 285 3363 ventur
315 3307 344 3362 et
366 3300 461 3364 felicia
489 3308 615 3364 naturus
643 3301 754 3367 semina
784 3302 927 3369 maturius
951 3302 1124 3375 excitentur.
1153 3301 1320 3373 Stoicorum

179 3419 256 3466 veto
285 3402 403 3466 dicendi
433 3422 528 3490 genus
558 3404 708 3468 concisum
739 3423 773 3468 ao
803 3407 961 3486 minutum,
993 3405 1074 3488 quod
1105 3404 1186 3470 mulli
1216 3404 1321 3479 Persio

180 3506 396 3587 attribuerunt,
418 3507 497 3572 illum
521 3527 581 3572 non
605 3509 700 3574 minus
724 3512 942 3594 contempsisse
961 3529 1002 3574 eo
1025 3510 1217 3594 perspicitur,
1240 3507 1322 3592 ‚quud

180 3611 314 3678 Senecae
345 3611 465 3696 ingenio
496 3615 611 3676 minime
640 3621 743 3696 eaptus
775 3633 845 3680 esse
873 3616 988 3681 dicitur.
1019 3613 1104 3690 Quae
1132 3612 1214 3696 apud
1241 3613 1323 3687 illurn

183 3715 376 3778 inveniuntur
404 3722 433 3778 et
455 3715 662 3800 philosophum
686 3717 808 3806 decem,
836 3720 983 3801 quietum,
1013 3718 1185 3800 aequabile,
1206 3726 1324 3804 tempe-

181 3827 278 3885 ratum
302 3817 418 3884 dicendi
441 3839 556 3902 genus,
577 3822 780 3904 prooemium,
810 3842 871 3904 quo
901 3824 1004 3893 lecturi
1033 3823 1147 3888 animus
1169 3820 1206 3887 ad
1228 3839 1326 3910 queu-

182 3923 291 4022 stionis
314 3942 458 3988 summam
481 3926 700 4021 percipiendam
724 3935 935 4012 praeparetur,
964 3927 1060 4015 logica
1084 3933 1325 4010 argumentorum

181 4027 354 4111 dispositio,
384 4027 463 4112 apud
485 4029 617 4093 Persium
647 4031 756 4094 frustra
780 4033 977 4113 quaesiveris.
1008 4032 1083 4095 Nam
1107 4033 1136 4094 in
1158 4029 1234 4094 illius
1257 4049 1327 4094 ser-

182 4150 272 4195 mone
295 4152 372 4196 nuno
394 4134 540 4197 concitato
564 4142 593 4197 et
615 4135 809 4198 vehementer
831 4146 993 4216 commoto,
1021 4153 1101 4199 nuno
1123 4135 1221 4215 molli,
1243 4144 1276 4198 ut
1295 4137 1327 4198 ln

182 4237 313 4301 carmine
339 4237 492 4327 elegiaco,
523 4245 555 4305 et
577 4247 735 4323 ‚mansueto
763 4247 847 4318 ocrtn
868 4249 908 4314 ,et
938 4241 996 4317 cibi
1027 4247 1169 4400 coartans
1200 4240 1326 4309 aebotae
