3162 4904
196 1296 497 1404 Quaestionea
529 1295 586 1382 de
624 1293 796 1382 satirae
826 1291 1077 1381 Persianae
1108 1299 1273 1380 natura

608 1440 670 1521 et'
684 1432 851 1523 indole.

703 1747 816 1802 „Multum
830 1749 853 1791 et
866 1757 938 1792 verae
952 1746 1044 1801 gloriae
1058 1749 1168 1802 quamvis
1181 1760 1228 1793 nno
1241 1749 1303 1794 libro

748 1817 845 1863 Persius
858 1818 965 1862 meruit.“
1090 1818 1180 1870 Quinti.
1193 1819 1223 1863 X.
1237 1825 1256 1876 1,
1269 1823 1303 1864 ito.

696 2055 726 2124 §.
750 2049 778 2114 i.

57 2291 58 2294 Ἴ
255 2183 355 2292 Quum
377 2203 504 2288 quodvis
527 2202 684 2268 carminum
701 2220 799 2290 genus
822 2223 862 2266 ex
884 2210 978 2268 aetate
997 2203 1149 2285 scriptoris
1166 2205 1307 2286 pendeat,

168 2322 227 2378 tum
250 2313 353 2392 satira,
375 2318 407 2374 ut
429 2328 505 2390 quae
528 2309 622 2374 saculi
645 2327 745 2374 mores
768 2314 926 2388 corruptos
949 2309 1087 2392 castiget,
1115 2311 1212 2374 omnia
1236 2309 1305 2376 iuda

167 2417 313 2498 depromit
343 2422 540 2499 argumenta,
570 2414 640 2478 iude
670 2431 788 2478 ornnem
819 2411 950 2476 colorem
981 2411 1069 2477 ducit
1115 2412 1308 2494 comoediae,

168 2539 247 2602 quae
270 2521 391 2586 satiram
414 2517 555 2582 affinitate
578 2518 706 2600 quadam
722 2517 876 2601 contingit,
898 2517 928 2578 in
952 2516 1050 2597 priora
1065 2524 1198 2600 tempora
1215 2537 1308 2582 rece·

167 2626 241 2690 dere
263 2625 348 2704 licet,
375 2625 466 2688 satira
488 2625 643 2706 praesenti
665 2624 795 2707 quodam
818 2623 928 2704 impetu
951 2629 1103 2701 movetur,
1133 2639 1223 2702 quum
1245 2639 1307 2703 quo

167 2737 303 2810 tempore
333 2729 430 2792 omnia
461 2729 490 2790 in
521 2728 607 2810 pejus
637 2736 728 2792 ruunt
757 2734 847 2810 poeta
877 2726 1012 2790 satiricus
1043 2727 1164 2790 summis
1195 2725 1307 2790 viribus

169 2832 344 2912 contendat,
373 2840 406 2895 ut
433 2833 584 2916 ingruenti
612 2851 715 2896 rerum
737 2831 864 2895 omnium
892 2831 983 2895 exitio
1005 2830 1136 2896 moribus
1159 2831 1308 2912 corruptis

169 2937 278 3000 acerbe
300 2936 482 3020 castigandis
510 2955 582 3002 sese
610 2943 751 3018 opponat.
780 2934 839 3002 Sed
870 2952 931 2998 non
958 2934 1054 3000 solum
1085 2934 1124 2998 ob
1147 2936 1308 3014 mammam,

168 3059 253 3122 quam
281 3061 321 3104 ex
342 3048 477 3123 tempore
506 3043 572 3123 ipso
596 3041 751 3124 depromat
774 3057 902 3108 necesse
924 3047 987 3120 est,
1017 3040 1108 3106 satira
1138 3041 1206 3106 inde
1228 3057 1307 3124 pen-

168 3145 238 3226 det,
268 3146 446 3228 cognatione
477 3163 599 3228 quoque
632 3146 761 3229 quadam
793 3145 957 3212 studiorum
986 3153 1092 3226 poeta,
1122 3148 1172 3228 qui
1201 3147 1307 3214 rubras

168 3250 271 3314 scribit
300 3257 330 3312 et
351 3250 389 3328 ii,
419 3250 470 3330 qui
498 3249 577 3314 iilum
606 3249 729 3335 legunt,
760 3251 907 3333 conjuncti
937 3267 1007 3316 esse
1036 3249 1155 3316 debeat.
1200 3254 1306 3319 Aetate

167 3369 293 3435 prorsus
316 3361 457 3435 corrupta
480 3362 510 3417 et
532 3354 668 3421 secordia
692 3355 846 3420 insanabili
869 3355 1003 3420 demersa
1037 3357 1126 3422 satira
1149 3355 1214 3420 iere
1236 3358 1306 3424 iuu-

166 3457 225 3522 tiiis
260 3465 321 3536 est,
355 3477 444 3538 quum
473 3459 608 3524 bomines
638 3478 656 3522 e
687 3467 812 3540 torpore
843 3461 963 3523 excitari
992 3469 1022 3524 et
1049 3461 1142 3528 sorde
1169 3462 1305 3528 vitiorum

166 3561 287 3630 liberari
310 3561 359 3624 vix
382 3564 539 3644 patiuntur.
571 3563 607 3626 Ut
622 3563 746 3629 Rothius
770 3564 828 3628 nde
851 3565 1110 3630 sacramencum
1134 3585 1163 3648 p.
1181 3567 1202 3630 6
1220 3575 1305 3636 reete

168 3665 383 3743 animaduertit,
404 3683 462 3730 nec
483 3667 702 3732 mediocritates
725 3687 782 3732 nec
805 3669 970 3736 nimietates
991 3671 1099 3736 satirae
1114 3673 1306 3752 conueniunt,

166 3769 223 3834 sed
246 3770 375 3844 pravitas
398 3769 444 3834 illa
467 3773 553 3834 animi
576 3790 611 3835 ac
632 3773 826 3854 perversitas,
849 3793 890 3837 ex
912 3791 970 3856 qua
992 3773 1161 3840 bominibus
1183 3776 1219 3840 ad
1242 3778 1307 3840 uir-

168 3880 262 3938 tutem
294 3874 395 3938 redire
424 3881 513 3954 atque
543 3875 580 3938 ad
611 3876 717 3943 bonum
741 3876 860 3961 frugem
883 3897 918 3942 sa
940 3879 1078 3961 recipere
1101 3880 1179 3946 licet.
1210 3883 1308 3946 Venae

168 3978 280 4042 satirae
311 3998 347 4043 ea
377 3979 579 4044 tantummodo
610 3989 707 4047 aetate
738 3982 924 4064 scribuntur,
956 4002 1014 4064 qua
1044 3985 1255 4067 respublicae
1279 3995 1310 4054 at

167 4081 304 4162 priuatae
335 4083 413 4146 adeo
448 4090 608 4165 corruptae
646 4093 675 4148 et
705 4085 882 4168 depravatae
910 4096 996 4168 suut,
1031 4097 1062 4152 ut
1098 4089 1168 4154 boui
1203 4109 1307 4158 omnes

166 4202 270 4250 rerum
292 4189 479 4252 mutationem
501 4189 705 4256 communibus
730 4192 808 4256 votis
831 4201 1007 4274 exposcant.
1042 4191 1138 4266 Quem
1168 4193 1209 4258 illi
1230 4213 1309 4260 cons

164 4291 325 4373 cupiscunt
354 4293 484 4360 reditum
513 4291 550 4358 ad
582 4293 718 4358 amissam
747 4303 881 4361 naturam
910 4297 1004 4378 ipsam
1041 4315 1201 4382 moresque
1234 4302 1308 4365 sim-

1076 4387 1101 4458 1.
