3162 4904
734 349 786 430 id

194 547 341 623 nmquam
363 539 426 607 sna
447 555 625 622 permeans,
646 545 679 604 ot
700 537 789 605 ollam
807 535 990 605 aallloratii
1018 537 1066 602 vel
1085 536 1237 611 luvenalis
1259 538 1333 604 aad·

193 663 255 710 rsm
277 643 319 710 ilii
339 662 443 726 param
464 643 636 710 exisdmsre
659 642 800 710 dubitem.
822 641 955 708 Persium
977 641 1053 706 hano
1066 642 1184 708 satiram
1205 643 1331 708 ultimam

194 749 351 832 scripsisse
372 765 463 830 quum
485 747 594 814 eximia
616 766 689 831 pree
701 748 810 812 ceteris
831 746 1023 829 praestantia,
1044 753 1104 812 tum
1120 765 1158 812 eo
1175 747 1333 830 „probetun

194 853 226 918 P.
247 853 382 933 Blaesus,
405 871 432 918 s.
455 851 519 920 813
543 851 661 918 duobus
683 853 767 916 annis
789 859 857 916 ante
883 850 976 914 Persii
998 858 1122 914 mortem
1145 850 1332 934 repetunda-

193 973 260 1022 rum
282 965 442 1022 accusatus
465 962 497 1022 et
517 963 621 1022 serram
643 963 752 1035 motus,
774 974 804 1020 v.
826 954 869 1020 85
890 971 958 1036 sqq.
981 954 1091 1020 acerbe
1112 957 1285 1041 castigatur.

280 1060 410 1128 Ceterae
432 1079 556 1144 quoque
578 1061 687 1126 mensa
702 1077 763 1142 quc
786 1058 893 1124 ordine
909 1059 1039 1142 scriptae
1055 1058 1174 1139 luerint,
1196 1057 1332 1143 singols-

194 1183 258 1230 rum
281 1173 474 1250 argumento,
506 1165 649 1245 oonsilio,
679 1173 784 1230 natura
805 1169 945 1228 accurate
968 1165 1160 1245 examinatis,
1188 1181 1333 1247 quemme

194 1269 305 1349 studui,
326 1269 408 1353 qood
431 1269 500 1335 mihi
530 1270 568 1335 ad
586 1269 728 1352 iudicium
756 1268 795 1334 de
818 1268 921 1333 Persio
952 1267 1119 1334 iaciendum
1149 1268 1228 1334 haud
1251 1267 1333 1350 perui

194 1375 333 1441 momenti
356 1393 425 1446 asse
439 1373 607 1438 videbatur.
631 1374 725 1438 Prima
745 1373 875 1438 ananiam
897 1373 985 1436 satira
1007 1382 1111 1454 quarta
1133 1373 1242 1454 scripta
1265 1389 1334 1438 esso

196 1476 324 1554 videtur,
347 1495 435 1560 quum
458 1478 670 1542 sententiarum
701 1476 809 1542 ordine
840 1476 966 1540 maxime
994 1478 1122 1561 simplex
1149 1485 1181 1542 et
1201 1479 1334 1544 inornata

196 1591 228 1648 at
250 1599 289 1646 es
310 1584 469 1648 imitatione
491 1583 604 1667 dialogi
626 1582 766 1646 Platonici
788 1581 922 1663 prolecta
939 1582 1069 1646 scholam
1091 1583 1218 1648 maxima
1239 1580 1332 1647 redo·

196 1686 257 1753 lent
300 1705 336 1752 ac
356 1695 417 1752 tota
439 1689 469 1752 in
491 1705 530 1752 eo
552 1695 702 1766 versetur,
723 1695 755 1750 ut
777 1686 953 1752 sententiam
975 1686 1052 1750 illam
1070 1687 1130 1769 jam
1152 1687 1190 1750 ab
1212 1686 1334 1752 llomtie

194 1793 270 1866 (stt
289 1791 310 1856 l.
343 1787 379 1874 3)
413 1793 609 1874 explicatam,
647 1791 808 1872 plerosque
840 1789 977 1856 homiues
1006 1809 1061 1856 sua
1093 1791 1159 1856 uitia
1180 1791 1333 1874 ignorare,

194 1895 318 1962 aliomm
341 1897 450 1961 delicta
472 1896 608 1981 graviter
629 1894 863 1978 reprehendere,
893 1894 1036 1978 exemplis
1059 1894 1234 1976 quidusdam
1265 1895 1335 1960 illn-

195 2009 279 2066 stret.
325 2001 458 2075 Quorum
482 2002 576 2082 primo
599 2000 647 2064 illo
670 1999 887 2079 adolescentis,
909 2000 959 2080 qui
988 1999 1035 2078 iis,
1057 2016 1136 2081 quae
1158 2019 1175 2062 a
1198 1999 1332 2081 principe

195 2105 398 2185 seponuntur,
420 2123 522 2186 perum
552 2106 715 2172 insuuctos
745 2123 780 2168 ao
801 2103 864 2168 sola
894 2103 1016 2185 generis
1038 2103 1180 2188 dignitate
1204 2103 1334 2169 conlisus

195 2209 241 2274 rei
264 2207 400 2290 ponticae
421 2208 666 2275 administrandae
688 2217 802 2292 partem
826 2225 936 2290 capere
959 2210 1083 2291 cogitat,
1100 2207 1250 2274 Neronem
1274 2207 1333 2290 pati

195 2312 265 2378 milri
288 2313 484 2378 certissimum
506 2314 633 2378 videtur.
663 2312 766 2376 Totam
790 2312 906 2376 satiram
929 2311 967 2376 ad
990 2312 1069 2378 illum
1092 2311 1227 2390 referre,
1249 2310 1332 2393 quod

195 2416 400 2496 casaubonus,
422 2418 591 2496 lleisterus‚
614 2416 663 2481 alii
685 2415 1004 2495 ieceruntabsurdum
1019 2424 1064 2481 est
1079 2425 1109 2481 et
1129 2417 1250 2482 historia
1271 2417 1335 2500 ipsa

195 2521 360 2600 refutatur,
381 2537 471 2603 cuum
493 2522 574 2588 Nero
598 2521 801 2603 quinquennio
832 2519 883 2584 illo
905 2521 983 2584 omni
1005 2520 1094 2586 laude
1117 2519 1226 2603 dignus
1247 2520 1334 2584 habi·

195 2633 242 2689 tus
263 2627 311 2690 sit.
334 2625 395 2691 Sed
417 2625 497 2709 quod
521 2627 614 2708 prima
647 2626 755 2688 satirae
778 2631 861 2706 parte
884 2627 930 2698 (v.
957 2621 1078 2698 1—22)
1101 2642 1158 2706 qua
1181 2626 1331 2690 Socratem

196 2729 357 2795 Alcibiadis
378 2733 408 2793 in
426 2749 539 2794 summa
561 2747 662 2794 rerum
692 2728 877 2813 publicarum
904 2728 1048 2811 imperitia
1075 2729 1185 2812 ingenii
1212 2736 1242 2790 et
1265 2729 1333 2794 elo·

198 2834 338 2914 quentiae
363 2835 563 2918 arrogantiam
578 2841 765 2898 accusantem
787 2832 869 2912 fecit,
891 2840 970 2896 tecte
989 2834 1183 2914 vituperatur,
1206 2852 1244 2898 eo
1267 2853 1333 2898 mea

197 2937 351 3016 sententia,
373 2956 458 3018 quam
482 2938 569 3000 etiam
591 2937 726 3000 lalunium
750 2935 852 3017 (proll.
873 2953 903 3017 p.
926 2936 979 3015 et,
996 2942 1027 3008 1)
1050 2936 1163 3002 habere
1185 2956 1263 3002 nnnc
1283 2940 1334 3002 vi-

196 3041 266 3122 deo,
289 3043 422 3106 Persium
443 3041 519 3106 hanc
540 3041 658 3104 satiram
680 3041 801 3122 primam
824 3040 992 3121 scripsisse,
1015 3040 1137 3106 delendi
1157 3041 1226 3106 mihi
1247 3042 1334 3106 vide·

195 3154 254 3223 tur3
276 3145 425 3210 Neronem
448 3146 540 3228 prima
563 3145 661 3209 statim
684 3144 774 3210 satira
797 3143 833 3208 ab
857 3145 936 3208 comi
957 3146 1192 3226 reprehensione
1215 3147 1334 3211 incolo·

197 3269 271 3314 mem
294 3253 426 3315 evasisse
447 3251 498 3314 vix
520 3250 679 3314 verisimile
701 3258 757 3314 est
786 3249 856 3313 Post
878 3249 953 3312 hano
975 3251 1093 3314 satiram
1115 3251 1247 3330 Persium
1270 3252 1334 3316 illas

197 3356 359 3436 scripsisse
380 3363 467 3436 puto,
488 3373 561 3437 quas
583 3355 620 3418 ad
634 3353 772 3418 Caesium
788 3353 914 3419 Bassum
937 3362 1054 3438 poetam
1076 3354 1132 3419 sibi
1153 3355 1335 3436 lumiliarem,

198 3458 449 3524 Aun.Cornutom
472 3467 702 3542 praeceptorem
727 3467 758 3522 et
780 3475 867 3540 quem
882 3459 1086 3539 praeceptoris
1107 3458 1174 3522 loco
1196 3459 1334 3526 habuisse

195 3563 312 3628 aidetm
332 3562 455 3628 Plotium
476 3565 636 3628 llaorinum
658 3564 747 3628 misit.
791 3561 1010 3628 Adulescentes
1041 3563 1118 3627 enim
1141 3581 1219 3644 quae
1241 3565 1331 3646 prima

196 3667 392 3734 confecerunt
422 3669 549 3732 carmina
580 3668 618 3733 ad
648 3669 759 3732 amicos
789 3677 820 3732 et
849 3675 1061 3749 praeceptores
1090 3667 1205 3730 mittere
1227 3669 1334 3732 solent

195 3774 262 3838 llos
282 3789 405 3854 quoque
427 3772 559 3836 Persium
583 3773 690 3838 satiras
712 3773 838 3854 puhlicis
862 3771 963 3836 usibus
986 3789 1045 3836 nou
1067 3771 1237 3836 destinasse
1260 3789 1334 3853 pro-

196 3876 283 3941 batur
304 3876 358 3953 (ol.
379 3875 422 3954 v,
444 3875 482 3940 21
512 3880 643 3954 ‚secreti
671 3876 865 3960 loquimur“).
911 3877 1017 3942 Harum
1050 3878 1226 3955 satirarum,
1259 3893 1334 3957 quas

200 3979 315 4045 Ploratii
337 3980 470 4063 epistolis
494 3998 553 4044 nou
575 3981 732 4046 dissimiles
756 3980 878 4060 dixeris,
900 3981 1021 4062 primam
1044 3980 1079 4044 ad
1103 3979 1236 4044 Caesium
1258 3979 1335 4044 Bos·

199 4100 275 4161 sum,
296 4082 519 4150 secundam‘ad
543 4083 667 4148 Plotium
689 4086 862 4161 Macrinum,
885 4086 1000 4148 tertiam
1022 4084 1059 4149 ad
1072 4083 1151 4150 dnn.
1174 4080 1334 4155 cornetum

198 4187 317 4254 mnsam
346 4189 490 4254 aPersio
521 4189 659 4270 scriptam
682 4207 750 4252 asse
774 4190 933 4268 eristum,
962 4188 1042 4271 quod
1073 4187 1219 4252 nonnullis
1240 4205 1335 4270 argo·-

197 4293 305 4360 mentis
334 4311 375 4358 en
398 4294 532 4378 ipsarum
553 4300 658 4361 natura
687 4295 787 4376 petitis
816 4293 1004 4376 probaturus*
1023 4309 1098 4358 snm.
1142 4293 1237 4358 Satira
1257 4309 1335 4374 quse
