3162 4904
788 287 839 364 to

335 508 338 520 ι
453 474 622 532 »munte
639 472 759 541 Tiberim,
776 489 866 528 murno
877 473 967 544 quibus
985 481 1023 528 ost
1036 487 1100 542 opus
1112 473 1173 538 olto,

452 561 674 636 iniquumque
691 576 762 614 mero
776 561 822 614 sub
831 568 932 615 noctem
945 576 1037 630 corpus
1048 560 1183 617 musnml‘

248 702 286 748 ··.
310 669 346 733 ll.
369 665 411 733 66
433 670 533 735 llerm.
555 689 648 754 praue
678 669 828 736 distinxitc
859 667 955 750 „Cras
977 669 1035 732 hoc
1056 667 1108 732 liet
1129 667 1217 732 idem.
1243 699 1281 712 -
1306 660 1380 730 Cres

245 770 339 839 llel?“
361 773 469 840 Saltem
491 775 644 854 itidem,
677 792 736 837 non
761 773 871 838 idem,
895 776 944 849 (ut
965 791 1064 855 neque
1087 770 1129 849 ll,
1153 771 1195 838 62
1221 772 1299 852 „llos
1320 787 1380 834 no-

245 877 364 952 stros“)
395 879 451 944 dici
482 879 618 946 debebat.
648 878 708 944 Sed
735 879 807 942 setis
837 879 945 943 acerbe
973 877 1159 944 adolescenti
1191 875 1285 942 verba
1306 872 1380 939 red-

237 982 367 1049 duntur.
400 1017 437 1028 -
464 986 501 1047 V.
531 983 583 1048 dd.
613 983 707 1048 Recte
735 982 820 1048 Jahn.
851 999 930 1046 nunc
961 983 1180 1065 „puerique
1209 975 1380 1062 senesque“

142 1129 146 1136 -
235 1086 387 1170 ,scripsit3
413 1088 706 1170 juvenesquea
739 1086 867 1169 quodam
897 1085 1013 1150 mediae
1053 1087 1158 1152 aetatis
1191 1083 1380 1169 grammatico

237 1191 355 1256 ,leviter
377 1191 506 1272 erudito,
529 1193 579 1273 qui
601 1190 756 1275 ,‚puer0s“
778 1191 982 1276 philosophiae
993 1190 1138 1256 indociles
1153 1189 1284 1273 putebat,
1305 1204 1381 1269 pro·

236 1296 357 1376 ‚iccium
388 1297 485 1360 videri
515 1296 679 1360 Teullelius
716 1296 800 1372 (ten.
829 1297 950 1380 Littetg.
987 1293 1080 1361 ists.
1110 1314 1141 1378 p.
1181 1293 1258 1370 779)
1294 1297 1380 1356 acute

249 1399 429 1467 observavit
1172 1473 1175 1480 ¹

240 1555 248 1564 .
281 1566 285 1576 ,
335 1503 373 1566 V.
397 1501 448 1568 73.
471 1503 611 1585 Plerique
634 1504 768 1571 editores
790 1525 819 1568 r.
841 1513 899 1584 ut,
929 1523 1019 1587 quum
1041 1511 1111 1586 post
1131 1500 1203 1568 illud
1224 1503 1381 1580 interpun-

244 1608 360 1688 xerint,
381 1607 418 1672 ed
440 1608 616 1691 possidet
638 1609 803 1674 retulerunt
826 1618 857 1675 et
879 1609 1082 1691 explicarunt:
1105 1625 1194 1688 qua,
1216 1603 1380 1670 secundum

246 1728 334 1792 quom
364 1711 411 1776 iar
438 1712 594 1796 gratuitum
626 1712 780 1794 possidet,
810 1714 979 1794 quicunque
1005 1711 1168 1776 libertatem
1198 1717 1304 1774 nactus
1324 1715 1382 1772 ost.

245 1815 285 1880 Ar
307 1815 398 1880 verba
422 1817 645 1898 utquisque
668 1817 748 1879 nullo
771 1816 860 1880 modo
882 1818 1017 1899 separari
1038 1833 1130 1899 posse
1148 1813 1218 1878 mihi
1235 1811 1380 1896 videntur.

245 1919 309 1982 iarn
332 1919 425 1986 schol.
446 1938 557 1986 versus
570 1920 759 1986 difficillimos
774 1921 1103 2003 optimeinterpretutus
1127 1927 1193 1986 est:
1216 1917 1381 1998 „libertate

242 2021 302 2086 hoc
324 2030 372 2088 est
393 2025 554 2107 sapientia,
577 2026 717 2090 utendum
741 2033 806 2105 est,
834 2045 894 2089 non
917 2033 1015 2090 aulem
1038 2026 1103 2103 illa,
1132 2042 1238 2106 quarn
1262 2020 1381 2085 Publius

246 2129 430 2206 emeruit,
453 2131 518 2211 qui
547 2149 603 2212 per
631 2139 778 2196 tesseram
801 2132 970 2196 scabiosum
993 2131 1038 2194 lar
1068 2124 1234 2213 possidet.“
1256 2125 1301 2189 Ut
1322 2141 1381 2188 non
1444 2173 1446 2180 .

247 2247 316 2310 qua,
338 2231 395 2296 sed
417 2233 545 2313 qualem,
568 2241 600 2296 ut
621 2251 683 2296 eam
707 2234 913 2316 explicandum
936 2253 1017 2314 esse,
1039 2235 1125 2298 etiam
1140 2232 1281 2310 llcntius,
1296 2231 1380 2294 uon-

248 2351 350 2415 nerus,
371 2339 437 2400 veri
460 2355 519 2402 nun
542 2338 655 2403 sordidi
672 2339 1043 2421 judices,-existimurunt
1066 2336 1242 2420 Asyndetorr
1272 2352 1381 2414 „eme-

246 2438 315 2518 ruit,
336 2440 503 2507 scabiosum
525 2473 569 2490 -··
591 2442 764 2523 possidet‘,
791 2445 819 2508 in
842 2461 901 2525 quo
924 2444 1060 2525 plerique
1089 2441 1277 2506 offenderunt
1299 2445 1382 2519 (qua

247 2549 316 2606 oute
345 2563 375 2608 v.
405 2552 448 2609 nt
470 2546 596 2632 licenig.
620 2547 731 2612 addere
753 2565 812 2612 non
836 2548 992 2624 debebat),
1012 2548 1100 2626 hanc,
1113 2544 1380 2627 interpretationem

247 2656 387 2714 evertere
409 2667 468 2712 non
491 2658 601 2732 polest,
624 2670 713 2733 quum
736 2653 894 2717 llermunni
926 2661 955 2715 et
976 2651 1069 2715 Jalmii
1091 2648 1295 2730 interpretatio
1316 2645 1380 2709 aliis

247 2750 343 2833 iisque
364 2754 524 2836 majoribus
545 2754 738 2821 incommodis
769 2756 1093 2838 tenerrimisque
1128 2753 1199 2821 alius
1227 2770 1282 2834 pro
1312 2750 1380 2834 qui·

244 2872 364 2938 cunque
389 2865 473 2924 recte
505 2858 562 2923 dici
592 2877 683 2940 posse
714 2879 775 2924 non
808 2862 999 2945 negaverim,
1018 2860 1085 2926 sed
1117 2877 1149 2924 v.
1177 2864 1217 2922 ut
1247 2852 1379 2921 rumbo

241 2960 443 3040 possidet,
466 2963 503 3026 ud
527 2964 606 3045 quod
629 2965 699 3028 illud
721 2965 912 3030 referendum
935 2974 1098 3047 putarunt,
1127 2962 1213 3025 nimis
1235 2966 1380 3024 remotum

244 3070 291 3127 est
312 3072 342 3126 et
364 3063 476 3146 duplex
498 3066 645 3132 ablativus
668 3077 705 3130 ut
727 3071 815 3150 (quai
839 3078 869 3135 et
890 3077 1041 3134 tessera
1064 3083 1252 3148 summopere
1274 3063 1379 3144 displi-

244 3173 303 3245 cet,
326 3168 382 3232 uisi
404 3168 530 3234 fortasse
554 3171 787 3238 tesserulae
810 3173 944 3239 scribere
969 3174 1051 3238 velis.
1075 3173 1148 3236 Tum
1166 3171 1293 3234 emeruit
1311 3185 1379 3233 num

244 3268 282 3332 ad
304 3272 473 3352 „stipendia
495 3281 629 3354 peracte,
652 3275 758 3356 quibus
781 3276 955 3358 perfunctus
970 3279 1044 3342 civis
1058 3277 1094 3338 ad
1116 3277 1263 3356 integrum
1285 3272 1380 3336 liber-

245 3374 311 3436 tatis
334 3393 418 3440 usum
435 3377 577 3442 accedet‘
599 3379 712 3450 (Herm.
734 3380 766 3444 L.
788 3381 818 3444 P.
831 3380 866 3462 ll,
886 3401 917 3465 p.
935 3377 1005 3462 56),
1025 3381 1134 3447 relcrri
1156 3380 1260 3462 possit,
1281 3375 1379 3439 vehe-

239 3486 360 3550 menter
382 3479 495 3560 dulim,
516 3499 607 3562 quum
629 3483 667 3546 de
689 3501 777 3549 servo
792 3503 886 3568 nuper
908 3488 1088 3550 manumisso
1108 3492 1224 3568 agatur.
1239 3480 1380 3562 ,Denique

244 3582 337 3648 verba
366 3585 559 3664 ,scabiosum
583 3588 728 3652 tesserula
749 3589 795 3654 lar
817 3588 970 3672 possidet“
992 3592 1077 3656 nimis
1097 3593 1281 3672 premuntur,
1302 3601 1380 3666 quae

244 3693 344 3768 poeta,
365 3687 532 3755 libertatem
553 3691 631 3756 illam
653 3691 767 3771 ridens,
789 3696 1001 3778 epexegetioe,
1023 3704 1056 3760 nt
1076 3695 1115 3760 ita
1137 3693 1242 3775 dicam,
1263 3693 1380 3760 submi·

214 3791 299 3871 -sit,
329 3810 390 3876 quo
420 3796 507 3860 eliam
539 3797 707 3880 asyndeton
734 3799 909 3881 explicetur.
941 3833 979 3844 -
1012 3820 1041 3866 v.
1069 3799 1122 3872 82.
1151 3802 1253 3867 Lectio
1282 3799 1378 3866 heac

241 3895 319 3962 nona
342 3907 427 3980 purte
450 3900 538 3964 codd.
563 3903 604 3972 (in
626 3903 774 3968 nonnullis
791 3921 883 3985 prove
905 3904 999 3969 liceo
1018 3910 1218 3990 scripserunt)
1242 3907 1272 3969 'ct
1285 3904 1377 3968 scho-

241 4000 345 4066 liastae
368 4003 468 4068 uerbis
498 4005 674 4070 defenditur.
720 4007 896 4072 libertatem
925 4010 1017 4093 ipsam
1048 4019 1133 4094 poeto
1157 4010 1294 4090 deridet,
1315 4029 1377 4074 non

242 4108 414 4186 commoda,
444 4129 523 4192 quae
545 4111 594 4174 ille
616 4111 693 4194 iert3
723 4118 897 4195 praeterea,
928 4115 1008 4197 quod
1032 4117 1092 4199 jam
1119 4133 1210 4197 supro
1239 4114 1295 4194 (ll,
1317 4114 1376 4190 19)

244 4211 363 4292 monui,
395 4213 421 4276 sl
459 4213 530 4296 quid
570 4216 629 4278 acri
667 4215 764 4280 studio
801 4216 972 4302 impugnet,
1009 4219 1100 4284 verba
1128 4221 1254 4298 ,iterare
1290 4217 1377 4309 solet
