3162 4904
268 506 434 596 grauitate,
466 505 630 572 urbanitate
665 528 702 573 ac
735 513 891 574 venustate
925 507 1071 573 ammonia
1105 508 1243 575 llomtim
1266 507 1405 590 excelht,

268 615 399 693 Persius,
422 613 472 694 qui
496 613 555 676 alto
577 613 700 696 ingenio
722 620 752 678 et
773 611 871 675 studio
893 612 1024 696 diligenti
1046 613 1135 677 vitam
1158 615 1306 678 hominurn
1328 631 1404 676 cou-

268 718 483 800 temptabatur,
514 715 610 779 omuin
640 714 677 780 ud
707 715 844 797 optimam
867 723 897 780 et
918 715 1083 799 perlectum
1105 718 1309 800 philosophiae
1331 735 1405 800 spe-

268 823 343 888 ciem
364 821 495 905 redegit.
526 819 640 902 Longis
667 820 890 900 quaestionibus
913 828 942 883 et
971 820 1216 903 disputationibus
1238 821 1309 886 nibil
1331 839 1407 903 pro-

268 928 332 1006 iici,
365 925 455 990 modo
485 926 615 1006 ipsorum
649 924 828 1006 scriptorum
859 934 992 988 naturum
1022 931 1053 989 ei
1083 933 1218 1007 tempore
1253 926 1406 1006 respicias,

269 1032 398 1098 binatim
420 1029 510 1093 liuius
532 1047 604 1091 vere
626 1027 748 1110 judicet,
780 1028 864 1108 cujus
892 1029 986 1093 verba
1015 1029 1216 1113 perelegantia
1238 1030 1286 1093 hic
1308 1047 1406 1111 appo-

270 1155 343 1202 nere
366 1136 466 1198 liceat:
491 1132 577 1206 (edit.
601 1152 630 1215 p.
655 1130 735 1204 103)
770 1131 915 1206 »Quando
938 1151 1027 1198 cerco
1048 1151 1137 1198 nome
1160 1133 1189 1196 di
1211 1143 1312 1219 gusto,
1333 1133 1407 1196 vado

272 1240 309 1306 ad
332 1239 461 1317 Orouio,
491 1237 510 1300 il
532 1237 583 1318 pih
606 1236 745 1314 amabile;
768 1237 888 1318 quando
909 1238 949 1302 ho
972 1239 1100 1323 bisogno
1123 1238 1233 1302 dibile
1257 1246 1357 1302 oontm
1380 1238 1409 1300 le

271 1363 378 1411 amane
400 1341 576 1419 ribalderie,
597 1342 684 1405 visito
707 1341 883 1422 Giovenole,
914 1343 934 1406 il
956 1344 1007 1426 piri
1028 1342 1199 1425 splendid03
1228 1342 1348 1424 quando
1371 1343 1409 1405 mi

273 1449 371 1516 studio
394 1448 512 1511 d'esser
534 1452 659 1525 onesto,
687 1446 756 1508 vivo
779 1463 835 1508 oon
859 1448 980 1526 Persio,
999 1449 1020 1511 il
1041 1449 1092 1529 piri
1113 1447 1220 1532 suggio
1243 1467 1261 1512 e
1283 1465 1341 1510 oon
1361 1450 1409 1509 in-

275 1555 355 1618 linito
378 1553 499 1634 placere
523 1550 689 1614 mesoolato
711 1549 741 1612 dl
763 1569 921 1635 vergogna
935 1552 1013 1616 bevo
1035 1552 1055 1617 ii
1077 1552 1178 1616 deitati
1193 1551 1271 1616 della
1286 1553 1410 1636 regione

273 1675 309 1722 su
330 1657 361 1720 le
382 1654 483 1720 labbru
506 1654 535 1718 di
558 1661 663 1736 questo
685 1653 859 1719 uerecundo
884 1675 902 1720 e
925 1657 1092 1722 sanissimo
1114 1657 1316 1741 giovanettoa

802 1917 832 1988 §0
856 1915 885 1980 3.

359 2070 397 2134 Ut
427 2069 464 2133 ad
487 2068 620 2132 Persium
649 2068 827 2152 redeamus,
856 2071 966 2135 llorutii
994 2071 1099 2136 actiroa
1122 2071 1202 2138 iilum
1225 2071 1360 2138 studiose
1382 2079 1414 2136 et

274 2177 430 2260 diligenter
456 2172 589 2257 legisse,
618 2173 731 2238 Horatii
760 2175 877 2238 modum
909 2183 939 2239 et
968 2177 1116 2242 sermonis
1146 2176 1323 2261 elegantium
1356 2189 1413 2238 non

274 2296 460 2362 exaequasse
483 2277 568 2341 facile
591 2278 793 2361 cognoscitur.
817 2279 857 2344 At
879 2281 999 2344 satirica
1022 2287 1053 2344 et
1074 2280 1197 2344 iurtiora
1219 2280 1304 2361 plura
1325 2279 1414 2342 habet

274 2392 363 2468 nique
385 2401 425 2447 eo
447 2383 568 2447 lloratio
592 2383 765 2464 praecellit,
796 2383 874 2465 quod
896 2401 957 2448 non
979 2402 1080 2464 suern,
1108 2384 1162 2449 scd
1185 2385 1313 2448 omnium
1341 2401 1411 2449 cuu-

276 2509 339 2554 sam
363 2489 440 2572 agit,
470 2487 552 2568 quod
580 2488 697 2550 satiram
720 2487 756 2549 ah
779 2487 901 2550 aliorum
924 2487 1086 2551 carminum
1115 2496 1219 2553 nutura
1242 2488 1415 2552 diuersissi-

277 2613 353 2659 mam
376 2600 406 2656 et
427 2591 533 2656 finibus
555 2591 775 2674 angustioribus
798 2593 994 2674 conscriptum
1023 2591 1227 2674 philosophice
1249 2591 1415 2675 praeceptis

278 2697 488 2782 pulcherrimis
511 2695 641 2758 distinxit
668 2695 853 2776 nominisque
875 2695 984 2759 invidia
1013 2694 1125 2760 sublata
1146 2699 1308 2780 praecipua
1329 2695 1416 2760 laude

278 2811 368 2884 atque
399 2801 514 2864 honore
547 2800 713 2864 exornavit.
757 2799 953 2863 Desideratur
987 2799 1017 2862 in
1046 2800 1169 2880 Persio,
1198 2799 1278 2882 quod
1309 2801 1417 2864 satirae

276 2906 429 2988 proprium
464 2922 533 2968 esse
571 2903 666 2983 solet,
700 2911 732 2966 ut
765 2904 948 2988 singulorum
983 2903 1129 2968 hominum
1164 2906 1232 2968 vitia
1271 2912 1419 2981 notentur,

278 3027 367 3090 quum
399 3025 526 3089 quorum
558 3025 657 3071 morea
679 3007 890 3071 describuntur
916 3025 976 3070 non
1006 3007 1120 3089 quidum
1151 3007 1259 3073 luerint
1284 3008 1418 3072 omnibns

277 3116 359 3194 noti,
389 3114 442 3178 sed
473 3113 598 3196 generis
629 3111 695 3174 iere
725 3110 876 3193 cuiusdam
898 3111 1047 3174 hominum
1069 3112 1212 3196 imagines
1235 3121 1264 3175 ei
1286 3111 1419 3193 exempla

278 3219 412 3284 referunt
434 3218 545 3299 quique
569 3217 608 3279 illi
630 3217 740 3280 luerint
762 3233 853 3280 notae
875 3216 959 3296 parri
982 3217 1103 3280 intersit.
1128 3216 1189 3278 Hac
1210 3233 1245 3278 rc
1266 3213 1419 3278 luvenalis
1450 3232 1454 3237 ·

280 3323 413 3387 l’ersium
444 3320 534 3384 velde
557 3339 716 3403 superesse
747 3320 870 3397 diuitur;
901 3319 956 3384 sed
980 3320 1048 3399 ille,
1077 3320 1238 3384 verborum
1266 3319 1421 3403 prodigus,

281 3417 491 3492 sententiarum
514 3443 647 3506 pauper,
677 3441 765 3503 num,
788 3423 867 3506 quod
890 3423 1020 3505 ipsorum
1041 3424 1203 3506 principum
1230 3443 1329 3488 mores
1351 3440 1422 3487 cor-

282 3537 386 3612 ruptos
417 3537 447 3593 et
477 3529 613 3612 perditos
641 3530 802 3608 notaverit,
830 3530 910 3591 veris
933 3528 1068 3592 laudibus
1090 3537 1230 3608 ornetur,
1257 3528 1343 3593 valde
1364 3526 1422 3591 du-

281 3635 351 3700 bito.
384 3634 490 3698 Libere
523 3634 635 3697 veritus
660 3633 771 3695 everha
800 3633 886 3695 animi
909 3632 1048 3714 prolerre
1069 3641 1099 3696 et
1127 3634 1217 3698 uitam
1248 3631 1423 3715 impendere

282 3756 377 3802 aeros
404 3737 450 3816 (i,
473 3737 533 3812 96)
563 3754 599 3799 se
627 3738 657 3799 in
688 3737 749 3799 sola
779 3744 980 3816 mortuorum,
1008 3743 1112 3818 utpote
1134 3739 1185 3820 qui
1215 3755 1274 3800 non
1297 3736 1423 3818 emplius

283 3843 456 3921 mordeant,
478 3841 589 3924 ilagitia
612 3841 796 3904 invecturum
820 3858 888 3904 esse
910 3839 1082 3921 profitetur:

491 3960 631 4028 „Experiar
649 3960 710 4030 quid
729 3959 886 4014 conaudetur
903 3959 929 4010 in
947 3958 1001 4010 ilios

490 4045 600 4106 tinorum
619 4047 738 4100 Fluminlu
755 4047 846 4116 tegitur
863 4046 925 4098 ciuis
942 4053 1017 4114 atquc
1035 4045 1150 4102 Latina.“
1252 4045 1291 4111 (l,
1311 4046 1389 4110 eutr.)

372 4153 494 4218 Satiram
516 4154 580 4232 lV.,
602 4171 659 4236 qua
676 4154 833 4231 Domitiani
855 4153 971 4216 insanas
993 4145 1129 4234 ineptias,
1151 4147 1235 4230 viil,
1257 4151 1287 4214 iu
1310 4171 1366 4233 qua
1390 4169 1426 4216 u.

287 4256 361 4340 193,
385 4257 460 4340 198,
483 4255 654 4324 211-230
684 4258 813 4322 Neronis
842 4254 1046 4320 crudelitatem
1074 4273 1111 4320 ac
1140 4254 1215 4318 lenia
1242 4257 1328 4320 simul
1350 4256 1427 4322 ertia
