3162 4904
344 575 480 650 Quantae
501 575 646 641 interdum
676 579 805 661 ineptiae
826 577 945 662 dialogo
968 594 1028 641 non
1050 585 1132 642 reete
1153 578 1307 641 intelieoto
1329 577 1394 641 nri-

258 687 355 761 nntur,
377 682 424 744 bin
445 683 529 744 iocus
553 681 731 746 documento
753 691 810 761 est,
832 684 902 762 qni,
925 683 980 745 niti
996 682 1088 746 Persii
1104 684 1133 745 in
1157 681 1276 765 dialogo
1299 682 1393 745 lieen-

260 785 337 865 tiarn,
359 805 437 868 qua,
458 803 548 867 quum
571 785 771 852 adversarius
794 788 881 869 inqui.
897 788 1059 866 existimes,
1080 788 1145 868 ipse
1166 785 1307 868 loquitar,
1328 785 1394 850 dili-

259 897 366 974 genter
388 890 544 971 observes,
566 909 627 956 non
649 891 831 976 intelligitur.
876 891 964 967 Quod
987 910 1082 973 nuper
1103 890 1246 956 ildeseiius
1261 891 1297 966 ὓ)
1320 892 1393 956 satis

259 994 404 1075 probasse
427 995 494 1058 inibi
518 995 650 1074 videtur,
674 995 743 1060 inde
766 1016 782 1060 a
804 1017 831 1058 u.
854 997 875 1063 i
897 997 993 1062 omnia
1016 995 1109 1060 Persii
1132 1002 1212 1074 sunt,
1233 1013 1323 1078 qunrn
1344 997 1392 1060 ni·

258 1096 298 1159 hil
321 1098 493 1163 adversario
524 1107 593 1183 apte
622 1100 708 1163 tribui
731 1099 835 1181 possit
865 1099 1048 1182 interpretes
1071 1097 1136 1164 iere
1158 1117 1279 1179 onrnes,
1308 1099 1392 1166 etiarn

257 1201 395 1270 labniunr
424 1211 456 1268 et
481 1205 689 1283 Herinannunr,
711 1224 757 1266 vv.
780 1204 844 1276 24,
868 1202 909 1270 25
931 1203 1104 1270 adversario
1126 1201 1315 1284 attribuisse,
1344 1223 1392 1270 rue

258 1307 308 1369 vix
330 1301 496 1392 intelligere
518 1308 625 1372 fateor.
669 1306 773 1387 Quae,
800 1310 856 1372 nisi
885 1309 966 1374 illuni
988 1309 1043 1374 sibi
1065 1309 1122 1390 ipsi
1144 1310 1274 1376 irrisisse
1296 1315 1393 1388 putea,

256 1409 322 1475 iere
352 1413 453 1494 inepta
480 1420 566 1491 sunt,
596 1431 651 1492 ea,
673 1414 697 1475 si
720 1421 807 1494 poeta
830 1412 978 1494 loquitur,
1001 1420 1108 1492 quanta
1140 1413 1233 1479 ironia
1265 1412 1393 1490 satirica,

257 1516 326 1578 loeo
350 1516 475 1600 egregie
497 1515 736 1597 accommodata,
760 1503 1108 1600 excellunt„t1uodJnrn
1127 1534 1252 1600 magnus
1276 1514 1392 1580 Casan·

257 1620 354 1683 bonus
377 1620 500 1703 simplici
523 1621 572 1683 iiie
595 1629 625 1684 et
647 1621 828 1702 incorrupto,
851 1639 910 1702 quo
932 1639 1050 1703 semper
1065 1622 1167 1698 utitur,
1185 1621 1296 1702 Judioio
1319 1639 1392 1701 per·

257 1725 365 1804 spexit.
395 1725 501 1807 Neque
523 1744 573 1788 vv.
596 1723 720 1788 28-31
746 1733 830 1788 reete
852 1725 1028 1795 adversario
1050 1724 1229 1802 tribuuntur,
1251 1725 1300 1805 qui
1323 1743 1393 1786 sana

257 1837 355 1891 mente
387 1829 426 1894 ita
450 1829 530 1912 ioqui
559 1847 620 1892 non
642 1833 776 1911 poterat3
822 1830 940 1894 l'orsius
963 1845 1132 1894 sermonen
1155 1831 1194 1903 ita
1215 1828 1393 1892 informasse

258 1941 289 1996 et
326 1934 411 2014 qnasi
438 1933 468 1996 in
501 1925 593 2016 rnajus
624 1934 767 1997 extulisse
798 1934 935 2012 videtur,
965 1942 1000 1998 ut
1018 1934 1110 2018 ringis
1139 1941 1301 2016 appareret
1317 1933 1392 1996 iiiut

255 2037 376 2102 stultitia
399 2046 430 2102 et
452 2038 579 2103 intuitus.
603 2039 704 2112 Quare
725 2037 804 2100 illurn
828 2057 856 2102 v.
880 2039 923 2102 to
944 2057 1011 2120 sqq.
1034 2055 1069 2102 se
1091 2038 1325 2120 interpellantem
1345 2037 1391 2100 la·

255 2141 304 2220 eit,
325 2142 404 2223 quod
431 2143 518 2206 nimis
548 2143 622 2206 risui
650 2141 802 2226 indulgeat
827 2150 857 2204 et
879 2142 996 2205 modurn
1024 2142 1162 2208 ennadat.
1205 2142 1392 2206 Heinriubius

254 2245 328 2309 inde
358 2263 424 2309 av.
444 2244 484 2309 tt
514 2247 611 2309 omnin
635 2247 770 2326 (praeter
790 2265 821 2308 v.
845 2244 897 2325 26,
921 2246 979 2321 itt)
1002 2247 1175 2311 adresmrio
1199 2247 1311 2324 tribuit,
1333 2261 1393 2325 quo

254 2351 349 2413 otnnie
371 2352 478 2414 satirae
501 2353 588 2434 rigor
611 2350 788 2434 infringitur,
810 2352 905 2413 ornnis
926 2353 1081 2414 manescit
1099 2353 1251 2415 sermonis
1271 2349 1390 2414 destini-t

254 2461 357 2518 tas-
370 2455 416 2518 Ad
438 2473 468 2522 v.
491 2455 533 2520 35
556 2457 736 2536 interpretes
759 2471 878 2517 versum
900 2455 1002 2520 Lucilii
1026 2456 1086 2542 lrg.
1107 2453 1202 2535 iiiiii,
1218 2455 1261 2520 68
1283 2453 1393 2518 afferro

253 2565 409 2641 perarante

515 2677 698 2745 „Snpplmtare
715 2679 795 2740 aiant,

517 2762 607 2818 Granni
629 2739 849 2830 ὖπωκδλίζθίν
880 2765 992 2822 dennu‘
1013 2795 1042 2806 -

342 2891 379 2956 V.
402 2889 443 2956 36
466 2908 532 2973 sqq.
555 2889 664 2953 Verbis
688 2891 849 2972 praederis
874 2897 903 2954 el
925 2907 999 2955 tere
1022 2891 1165 2973 poeticis:

512 3065 529 3091 „
550 3057 577 3066 -
598 3043 665 3079 nune
684 3044 733 3080 non
751 3043 766 3080 a
786 3025 897 3081 mandant
916 3027 973 3092 illis,

511 3115 583 3167 iiune
601 3129 652 3166 non
671 3127 686 3166 a
703 3114 798 3167 tumulo
818 3115 993 3184 fortunataque
1011 3113 1097 3166 invilla

515 3201 655 3254 Nasconiur
672 3199 798 3256 violaoi“

253 3325 304 3388 illu
326 3325 536 3406 Sbakespearii
568 3325 659 3388 uerba
683 3325 843 3406 (Hanniet),
866 3326 930 3409 ipsa
956 3326 1040 3408 quasi
1071 3323 1193 3389 iloribus
1221 3323 1394 3408 fragrantia,

252 3427 354 3493 similia
377 3439 465 3498 sunit

510 3547 580 3616 ,μγ
598 3547 642 3601 bar
660 3547 718 3603 i’the
736 3551 807 3603 earth

443 3695 448 3708 Ι
510 3637 565 3688 lind
584 3637 648 3689 irum
666 3634 711 3688 ber
729 3637 777 3689 inir
797 3633 845 3688 and
864 3635 1010 3704 unpollnted
1028 3633 1088 3687 besb

513 3723 568 3791 liar
586 3724 679 3778 violate
697 3725 809 3793 spring.“

338 3849 447 3924 Eadem
470 3849 614 3914 suauitate
638 3851 753 3934 poetica
776 3855 830 3914 sat.
852 3848 886 3911 ll.
913 3863 940 3912 v.
965 3841 1017 3928 38,
1039 3845 1090 3910 ubi
1101 3847 1201 3910 nutrix
1223 3861 1278 3927 pro
1296 3855 1390 3926 puero

255 3963 324 4018 vota
347 3953 426 4033 lacit,
449 3955 582 4020 excellitt

510 4128 530 4156 a
548 4121 575 4130 -
597 4089 717 4162 quidquid
734 4086 872 4142 calcaverit
889 4087 940 4154 bic,
959 4102 1016 4140 rosa
1035 4085 1107 4142 liat,“
1130 4113 1156 4124 -

254 4247 564 4264 w

320 4336 347 4402 'J
365 4337 474 4406 specim.
491 4337 544 4389 erit
568 4371 595 4390 ..
615 4368 623 4387 .
643 4371 651 4389 .
668 4342 724 4386 turn
743 4331 885 4391 animadrn
903 4332 987 4389 insat.
1005 4327 1278 4390 102tlt-Bontteliae
1299 4324 1381 4394 1848),
