3162 4904
723 385 773 491 it

265 602 302 667 V.
325 602 378 668 60.
399 601 502 667 Lectio
523 597 709 686 „lantaa“‚
730 603 786 671 etsi
809 605 924 690 maJore
946 607 1034 671 codd.
1051 606 1226 673 auctoritate
1248 609 1319 672 uiti-

181 715 230 771 tnr
252 715 283 771 ut
302 707 407 770 vomis
428 707 623 775 scholiastae:
654 717 771 789 „tanne
801 711 829 774 id
853 719 900 775 est
922 719 1034 778 tuntum
1057 709 1212 797 prolatac“
1233 732 1319 776 com-

181 811 304 892 probari
333 797 462 892 viduum,
497 811 570 876 ierri
604 815 725 895 nequit,
756 815 804 878 oui
834 815 955 879 alteram
986 817 1143 882 lectionem
1172 824 1320 881 tautum

181 913 328 995 llautlaal.‚
351 915 463 995 lisina,
493 915 622 982 0rellius
645 915 877 1000 praeferendam
900 930 1091 986 censuerunt.
1114 920 1238 985 l’luralis
1261 917 1321 993 iile,

182 1038 200 1082 a
222 1025 330 1100 poetae
347 1018 448 1084 verbis
471 1019 595 1099 alienus,
617 1027 647 1085 et
663 1025 917 1105 grumiuaticorum
932 1022 1047 1108 legibus
1062 1034 1092 1088 el
1113 1023 1205 1109 ipsius
1228 1024 1317 1089 scho-

181 1123 286 1188 liastae
304 1123 423 1189 rcrnist
447 1126 520 1204 „aut
542 1124 722 1207 protendunt
743 1127 936 1212 linguam,
959 1135 1096 1209 quantum
1120 1127 1215 1210 Apula
1228 1126 1320 1198 ,cauis

181 1228 270 1292 multa
293 1229 340 1293 alli
363 1272 373 1294 .
395 1271 404 1292 .
428 1273 437 1291 .
460 1273 479 1308 .,
502 1244 569 1295 uam
591 1231 647 1295 tria
664 1241 734 1296 sunt
756 1249 869 1316 genera
888 1248 1058 1312 sannarum,
1080 1240 1131 1297 aut
1144 1251 1231 1296 mauu
1254 1232 1321 1316 sig-

181 1332 305 1396 nificare
326 1334 479 1414 ciconiam,
502 1343 553 1399 aut
572 1333 722 1400 auriculas
744 1334 829 1417 asini,
852 1344 903 1401 aul
926 1337 1095 1421 linguam
1118 1337 1244 1401 sitientis
1267 1355 1323 1400 ca·

182 1437 249 1503 uis“
272 1437 472 1524 redarguitur.
507 1471 542 1484 -
577 1441 610 1503 V.
635 1437 685 1504 56.
708 1436 827 1507 Verbaa
850 1441 929 1519 „Qui
959 1450 1029 1524 pole
1052 1444 1099 1505 vis
1122 1439 1236 1505 dieam“
1260 1458 1322 1504 non

183 1543 288 1620 Persii,
310 1543 382 1624 „qui
405 1543 581 1625 proeliante
602 1561 662 1607 nou
685 1551 813 1628 rogatus
834 1540 1021 1627 respoudelf‘
1043 1547 1158 1620 (llerm.
1181 1545 1213 1609 L.
1237 1545 1266 1609 l’.
1289 1542 1325 1623 ll,

184 1664 213 1727 p.
239 1644 304 1724 tir,
333 1641 386 1709 sed
409 1647 502 1730 ipsius
525 1645 639 1711 clientis
661 1667 732 1712 esse
755 1649 823 1712 mihi
847 1649 1002 1728 videnlur,
1032 1649 1174 1732 quiquid
1198 1656 1323 1731 patrono

184 1751 257 1813 satis
280 1750 400 1834 dignum
424 1750 560 1833 proferat
581 1751 666 1815 animi
682 1753 803 1844 pendeo
822 1753 935 1832 Alille,
957 1752 1026 1817 dum
1050 1754 1167 1818 laudem
1189 1771 1318 1836 exspec-

185 1855 253 1917 tanti
276 1873 292 1917 a
316 1862 401 1936 tergo
424 1854 572 1936 illuditur,
603 1874 705 1920 morae
727 1855 881 1939 impatiens
912 1859 1017 1921 ilerum
1040 1860 1155 1940 quaerit
1185 1864 1225 1932 tv.
1250 1855 1323 1928 63lr

187 1957 282 2037 „Quis
302 1957 406 2039 populi
428 1971 531 2024 sermo
559 1957 654 2023 est?“
676 1956 771 2039 „Quis
795 1963 872 2024 euim
896 1963 953 2024 nisi
977 2010 985 2026 .
1008 2006 1047 2027 ..
1076 1959 1105 2026 .“
1137 1964 1229 2028 cliens
1252 1977 1323 2024 res-

183 2056 413 2143 ponderetur.
437 2061 567 2127 tis—os
589 2071 706 2145 poetam
737 2063 873 2129 laudibus
896 2075 1043 2148 exornat,
1068 2085 1145 2148 quae
1177 2086 1215 2131 ex
1242 2081 1324 2128 mar·

183 2165 380 2228 mosariorum
401 2171 432 2229 et
453 2166 605 2230 labromm
628 2165 769 2250 loquendi
792 2186 875 2234 more
899 2169 1103 2234 couiormalae
1126 2169 1229 2253 populi
1253 2187 1325 2233 ser·
1353 2201 1355 2204 ·

182 2282 309 2346 moriem
332 2269 415 2352 eujus
436 2271 486 2333 iile
507 2271 655 2355 interpres
678 2281 734 2353 est,
758 2275 868 2355 optime
898 2276 1074 2356 exprimunt.
1107 2275 1252 2339 Versuum
1275 2269 1323 2335 ie·

183 2375 300 2437 allatam
335 2381 364 2437 et
388 2374 563 2462 elegantiam
596 2377 717 2441 laudans
751 2378 880 2441 carmina
909 2377 1042 2460 elegiaca
1073 2377 1121 2441 vel
1150 2379 1242 2463 lyrica
1272 2393 1324 2465 ref

182 2479 319 2558 sparsisse
340 2474 469 2558 viderur,
492 2487 585 2556 certe,
608 2482 687 2562 quod
704 2483 846 2563 particula
869 2480 956 2546 sive
979 2482 1135 2562 iudicatur,
1150 2499 1198 2545 vv.
1212 2481 1265 2560 67,
1278 2479 1321 2543 68

184 2582 263 2646 aliud
286 2585 445 2648 carminum
468 2603 578 2667 genus,
600 2593 630 2648 ul
653 2587 746 2649 verbo
770 2606 870 2668 opus
900 2596 963 2651 est
986 2596 1017 2650 et
1039 2585 1181 2669 particula
1204 2586 1242 2648 iu
1265 2583 1323 2648 de·

185 2686 329 2764 rimatur,
354 2689 504 2752 satiricum
537 2687 725 2754 describitur.
762 2687 949 2755 Prandiis
974 2707 1109 2776 regum
1139 2689 1324 2772 tragoediam

186 2789 345 2871 significari
368 2789 529 2856 Donuerus
553 2789 747 2873 existimavit,
771 2789 850 2874 quod
874 2795 1038 2857 sententiae
1062 2793 1263 2874 aptissimum,
1287 2793 1325 2855 olr

187 2893 345 2957 vernorum
362 2895 624 2960 coniunnatioucm
648 2895 716 2960 anilii
741 2913 843 2979 parum
866 2899 930 2961 reri
954 2898 1048 2962 simile
1071 2898 1201 2964 uidetur.
1224 2931 1263 2940 -
1289 2895 1326 2960 V.

184 2997 229 3060 aa
251 3013 317 3080 suo.
338 2999 458 3064 l'ersius
481 3002 558 3084 ipse,
581 3001 663 3083 quod
686 3002 772 3065 etiam
796 3001 938 3084 particula
962 3019 1054 3065 ecce
1085 3002 1246 3083 probatur,
1268 3015 1325 3082 qua

183 3116 304 3184 semper
334 3119 441 3168 uorum
473 3104 542 3186 quid
565 3104 725 3196 indicatur,
757 3105 794 3169 de
826 3107 943 3170 miseris
973 3103 1030 3169 iliis
1066 3108 1163 3187 poetis
1189 3104 1329 3187 judicium

183 3203 262 3270 lucil.

270 3312 305 3375 ll.
328 3313 380 3377 tl.
402 3312 502 3376 Lectio
515 3313 674 3377 multorom
696 3313 815 3396 quidem
833 3315 920 3379 codd.
943 3311 1175 3379 dictaturam
1199 3311 1326 3377 escho-

184 3415 289 3480 liastac
311 3416 415 3480 verbis
448 3419 477 3480 iu
510 3424 622 3481 lentum
652 3420 812 3502 irrepsisse
843 3419 909 3482 milri
932 3418 1058 3484 videtur.
1104 3415 1192 3500 apuu
1215 3415 1327 3480 livium

183 3518 248 3598 (lii,
271 3515 329 3595 26)
362 3536 440 3584 uxor
462 3521 624 3584 Cincinnati
650 3530 773 3606 „togam
796 3540 928 3605 propere
967 3543 985 3585 e
1016 3522 1136 3606 tugurio
1167 3515 1327 3602 prolerre“

184 3621 315 3704 moeror,
337 3639 431 3704 quara
450 3624 488 3687 de
502 3633 587 3690 veste
602 3626 727 3708 quadam
743 3626 907 3708 dictatoria,
931 3645 1008 3709 quae
1024 3627 1165 3690 dictatura
1182 3623 1327 3706 appellata

189 3727 238 3806 sit,
268 3729 387 3790 omniuo
410 3729 536 3812 eogitari
558 3749 617 3794 nou
640 3739 747 3812 potest.
772 3729 802 3793 lu
825 3733 943 3814 optimis
966 3728 1053 3795 codd.
1083 3729 1328 3802 dictatorem,

162 3828 163 3832 ’
187 3833 217 3894 in
248 3833 417 3916 fragmento
438 3833 506 3897 cod.
529 3834 661 3898 Vaticani
684 3833 866 3918 palimpsesti
897 3835 1037 3915 „Quem
1069 3825 1328 3897 dictatorem“

189 3936 306 4020 legitur,
328 3951 406 4018 quae
429 3936 517 3999 lectio
531 3935 599 4000 mihi
615 3939 722 4020 optima
740 3937 870 4004 videtur.
894 3939 997 4004 Altera
1015 3939 1115 4018 lectio,
1138 3935 1217 4018 quod
1229 3935 1330 4003 norm

188 4041 309 4121 putarit,
332 4039 444 4107 sidonii
467 4039 648 4123 Apollinaris
671 4041 789 4109 uerbisa

345 4177 406 4242 „Sic
425 4173 552 4247 quondam
572 4176 604 4229 ad
624 4181 721 4245 patriae
740 4196 781 4230 res
798 4179 892 4232 fractas
912 4187 1108 4247 pauperaretur

347 4261 501 4317 cincinnate
520 4265 604 4328 renis,
623 4272 736 4316 veterem
756 4280 823 4318 eum
842 4273 867 4318 te
887 4265 966 4318 induit
984 4281 1046 4318 uxor

344 4347 411 4403 nuto
425 4350 508 4406 boam
526 4351 686 4417 assisam,
703 4385 712 4404 .
730 4387 738 4408 .
756 4351 783 4407 ,⁸
