3162 4904
814 329 864 406 dd

271 519 447 590 sementism
475 521 608 588 haesites
637 523 820 604 exponerem
848 525 1015 603 versusque
1044 533 1104 585 non
1131 519 1203 586 satis
1233 518 1406 602 explanatus

266 633 472 692 'retractarem
495 627 582 702 Quod
604 627 674 691 milri
696 644 733 690 eo
754 627 848 710 magis
862 643 975 708 operae
989 626 1115 708 pretlum
1131 625 1296 704 uidebatur,
1318 639 1406 704 quum

271 735 337 814 ipso
363 731 505 810 latoius,
538 749 577 796 ue
607 731 821 813 simplicitatem
850 728 1064 812 interpretandi
1093 730 1249 814 perderet,
1282 729 1407 793 oliorum

273 836 436 902 sententies
464 834 625 920 diligenter
658 833 775 918 quidem
807 833 995 913 examinarit,
1032 833 1088 898 ssd
1117 832 1146 896 in
1175 832 1408 898 conuoverstam

274 955 333 1006 non
362 941 527 1004 vocaverit.
562 939 659 1016 Quum
689 957 764 1003 vero
794 939 992 1004 difficillimum
1021 939 1060 1003 sit
1092 957 1151 1003 nou
1181 939 1291 1004 inustru
1321 938 1350 1000 ln
1372 951 1410 998 co

275 1045 429 1126 tuborum,
456 1045 486 1106 in
515 1061 574 1126 quo
604 1043 707 1126 paucis
736 1042 842 1108 abhinc
872 1043 955 1107 cunis
984 1043 1039 1108 viri
1059 1042 1221 1108 doctissimi
1250 1049 1340 1125 atque
1361 1040 1410 1103 in-

274 1147 477 1235 penioslssimi
500 1165 621 1229 operam
644 1164 728 1212 susm
749 1149 947 1228 collocarunt,
974 1149 999 1214 si
1021 1148 1078 1212 hue
1100 1147 1292 1230 quaestiones
1313 1145 1412 1209 levio·

275 1272 327 1320 res
356 1251 458 1315 uVV.
490 1251 552 1315 ltl).
578 1251 730 1335 judicatae
752 1253 876 1331 luerint,
903 1262 970 1331 me‚·
998 1252 1027 1315 in
1059 1251 1152 1318 literis
1185 1249 1411 1348 adhnc‘minur

276 1356 487 1433 exercitatum,
508 1355 625 1419 veniam
647 1356 683 1420 alt
705 1357 762 1419 illis
788 1358 1010 1440 impetraturum
1040 1373 1110 1424 esse
1132 1356 1257 1420 confido.
1289 1355 1414 1438 Semper

277 1480 353 1528 usus
381 1459 537 1540 loquendi,
578 1462 693 1526 consilii
722 1464 894 1545 scriptoris,
935 1479 1036 1525 rerum
1066 1471 1096 1526 ct
1118 1462 1286 1526 ‘verborum
1319 1473 1415 1524 nonus

277 1567 434 1652 diligenter
456 1567 600 1630 ostionem
615 1565 703 1630 habui
725 1574 816 1649 utque
838 1567 909 1630 novi
931 1562 1040 1648 aliquid
1066 1565 1246 1649 proferrem,
1267 1563 1412 1649 spectavi.

365 1671 611 1748 Protogene
635 1687 694 1733 non
716 1679 786 1753 apte
809 1670 845 1735 cd
868 1687 972 1734 omnes
994 1670 1100 1736 satiras
1121 1669 1245 1749 reterri,
1272 1667 1327 1733 sad
1349 1685 1414 1732 mm

278 1776 372 1860 prim
402 1773 490 1839 satira
512 1774 657 1838 artissime
679 1775 863 1854 cohaerere,
895 1784 925 1838 ut
947 1793 1013 1838 cum
1041 1775 1098 1838 hac
1126 1776 1211 1855 quasi
1233 1791 1323 1836 nuum
1346 1789 1415 1836 cur-

279 1897 347 1944 nen
370 1879 496 1958 eiiciet,
525 1878 659 1961 plerique
688 1879 867 1961 interpretes
894 1887 977 1944 recte
999 1885 1215 1963 cognoverunt.
1243 1878 1307 1960 lpse
1329 1877 1412 1940 satira

277 1985 388 2069 prima,
419 1981 600 2064 praeclarum
630 1983 741 2066 ingenii
770 1992 877 2066 poetae
908 1984 1133 2064 documentum,
1163 1981 1249 2066 quusi
1271 1981 1414 2064 prologus

278 2089 464 2170 reliquorum
487 2087 643 2152 sutirurum
667 2096 721 2167 est,
745 2107 803 2171 qus
827 2090 946 2153 Persius
969 2108 1001 2152 se
1023 2089 1061 2152 ulr
1084 2087 1219 2152 omnibns
1242 2103 1315 2151 suae
1335 2093 1417 2150 ueta-

281 2194 317 2256 tis
345 2191 460 2274 poetis,
497 2207 622 2272 quorum
655 2191 749 2255 studia
779 2194 988 2257 contemnebat
1023 2202 1052 2256 et
1081 2211 1136 2276 pro
1164 2191 1253 2255 nihilo
1283 2190 1419 2270 ducebat,

281 2296 410 2380 sejungit
432 2302 461 2358 et
482 2295 631 2375 rationes,
655 2297 760 2378 quihus
782 2297 968 2379 potissimum
991 2296 1026 2360 ad
1050 2297 1154 2360 satiras
1176 2295 1348 2360 scribendas
1369 2293 1419 2357 in-

281 2402 390 2466 elutus
417 2399 472 2478 sit,
502 2396 597 2462 allent.
620 2393 662 2461 llli
685 2415 771 2481 quam
794 2402 918 2466 menime
946 2409 1062 2481 errant,
1092 2400 1142 2482 qui
1165 2400 1307 2478 Persium,
1330 2415 1420 2481 quum

282 2504 397 2588 poetis,
427 2519 550 2584 quorum
581 2502 758 2567 carminibus
785 2504 918 2570 homines
949 2514 1018 2568 tuno
1040 2506 1164 2570 maxime
1188 2503 1423 2581 delectabantur,

284 2607 470 2672 adnumerari
499 2623 560 2668 non
592 2605 679 2686 velit,
717 2623 802 2671 suum
833 2610 925 2690 ipsius
962 2609 1113 2694 ingenium
1144 2609 1281 2672 elevasse
1312 2613 1423 2690 putant.

284 2711 443 2794 Prologum
466 2717 570 2788 totum,
591 2728 682 2791 quum
707 2719 794 2795 poete
817 2713 947 2796 superbe
969 2731 1005 2776 ac
1027 2713 1183 2778 lastidiose
1199 2713 1311 2796 potius,
1335 2726 1423 2792 quarn

286 2815 422 2880 modeste
445 2813 594 2895 loquutur,
617 2833 728 2880 meram
751 2817 972 2882 acerbissimam
1001 2819 1169 2882 irrisionem
1192 2830 1262 2881 esse
1280 2817 1340 2898 jam
1364 2813 1423 2877 Cu-

287 2919 438 2984 snslronos
457 2914 610 2983 intellexit.

371 3023 407 3086 V.
430 3020 451 3082 lt
473 3028 555 3086 reete
583 3022 644 3106 legi
674 3027 815 3103 ‚perita
837 3025 994 3091 nostra“
1028 3027 1113 3091 Jahn.
1149 3026 1195 3100 (in
1217 3024 1263 3088 ed.
1286 3024 1371 3097 min.)
1394 3029 1425 3088 el

288 3129 388 3192 Herm.
418 3127 616 3190 consentiunt.
648 3129 734 3192 Picae
763 3147 868 3193 vocem
896 3132 1051 3197 humanam
1074 3133 1093 3196 i.
1116 3149 1143 3195 e.
1174 3129 1298 3193 verba
1320 3129 1424 3192 imitari

289 3233 442 3306 dicuntur;
473 3230 588 3294 acutius
622 3232 661 3294 illi
691 3232 844 3314 viderunt,
880 3238 929 3318 qui
962 3245 1083 3316 „nostra
1116 3230 1228 3298 verbe“
1261 3232 1426 3298 scribentes

290 3336 421 3400 Persium
450 3334 640 3412 psittacorum
669 3337 800 3420 Graece,
836 3342 967 3422 picarum
990 3341 1090 3404 Latina
1121 3338 1214 3402 verba
1243 3335 1426 3400 intellexisse

289 3446 391 3526 putant
414 3435 467 3509 (cf.
490 3437 590 3502 Herm.
612 3441 705 3508 Leett.
729 3445 757 3508 P.
782 3445 834 3522 ill,
857 3465 886 3528 p.
911 3445 958 3519 3).
988 3442 1103 3508 Eodem
1126 3459 1216 3506 versu
1245 3443 1294 3524 qui
1317 3447 1426 3524 poetae

290 3543 383 3609 rerba
406 3541 444 3604 ad
465 3547 721 3624 grammaticorum
743 3551 828 3634 leges
852 3551 991 3635 dirigunt,
1014 3549 1221 3631 picemque
1243 3546 1428 3628 seripserunt

291 3659 340 3731 ut,
361 3664 452 3729 quum
469 3652 615 3713 uumerus
638 3654 798 3738 singularis
820 3656 989 3737 psittaco
1012 3651 1192 3736 praecedat,
1219 3651 1298 3734 justa
1321 3667 1428 3715 serva·

292 3761 376 3819 retur
392 3749 551 3812 verborum
566 3755 650 3822 ratio.
666 3789 700 3804 -·
718 3759 751 3822 V.
777 3759 817 3824 12
840 3759 1046 3842 refulgeat
1067 3763 1151 3822 certe
1165 3755 1239 3820 lalsa
1261 3755 1350 3819 lectio
1373 3761 1429 3833 est,

292 3876 370 3940 quae
394 3873 433 3918 ex
456 3852 631 3922 scholiastae
659 3863 759 3928 verbis
783 3863 973 3943 „relulserit‚
1001 3857 1171 3946 refulgeot“
1203 3860 1337 3941 prolecta
1361 3875 1429 3922 esse

292 3961 420 4026 ridetur.
452 3958 558 4022 Poetas
580 3961 657 4044 illos,
680 3966 747 4030 dum
772 3968 899 4031 carmina
921 3968 1055 4046 recitant,
1077 3973 1222 4050 perpetuo
1245 3979 1429 4028 nummorum

292 4065 452 4148 splendore
481 4063 622 4132 stimulam
645 4071 785 4134 acerbum
805 4079 861 4152 est,
884 4089 943 4135 non
965 4089 1080 4148 uerum,
1104 4067 1140 4132 ci.
1164 4067 1215 4146 tv,
1233 4067 1292 4130 li:

289 4202 294 4219 ¹
380 4209 441 4256 „-
464 4178 549 4242 viso
578 4179 603 4240 si
627 4177 719 4260 palles
742 4176 874 4257 improbe
896 4172 1046 4240 nummo.“
1075 4173 1198 4238 Jahnius
1219 4171 1329 4235 nollem
1352 4177 1429 4251 quoe

295 4281 323 4350 iu
346 4280 477 4346 editione
498 4281 563 4366 maj.
587 4279 705 4364 scripsit
727 4280 901 4362 (picesque,
924 4279 1088 4355 refulserit)
1112 4281 1263 4341 mutasset.

1561 4289 1562 4358 l

1561 4375 1562 4444 l

1561 4479 1562 4546 l

1286 4795 1562 4882 Q]
