3162 4904
725 297 777 376 ot

180 497 223 562 1V.
245 495 319 564 1011.
340 493 444 562 Lectio
471 490 683 576 specimen
702 489 771 556 lieet
797 487 928 556 omnium
951 483 1326 554 tessalonicenses

182 602 307 680 utimur,
327 597 506 682 speciem
529 594 599 677 quiu
623 601 708 658 recte
721 592 877 672 scribatur,
900 591 1025 658 dubitari
1040 597 1220 674 uoopctest,
1240 586 1324 670 quod

190 703 329 772 Priseiml
352 710 382 768 et
405 700 585 769 scholiastae
611 699 796 780 testimoniis,
815 697 931 776 Orellii,
952 695 1065 775 Heius,
1088 695 1200 774 Herm,
1227 691 1326 758 talou

182 811 236 884 ¹(in
258 808 306 874 ed.
330 808 417 882 min.)
441 804 762 886 cousensuprobutnr.
784 801 955 886 specimen,
976 817 1037 882 quc
1058 816 1109 863 res
1122 797 1325 883 dijudicemus,

190 932 249 979 uon
272 911 468 996 dignoscitur,
489 909 544 974 sed
567 907 737 994 agnoscitur
752 915 782 972 et
804 904 1010 992 dignoscendo
1025 904 1142 968 demum
1165 916 1324 985 compern-

187 1025 244 1083 tur.
267 1016 398 1093 Persius,
421 1015 446 1077 si
468 1013 591 1096 proprio
606 1011 724 1076 dicendi
741 1030 854 1096 genere
877 1029 950 1076 usus
964 1016 1056 1088 esset,
1079 1008 1216 1077 dixisset:
1238 1005 1325 1084 „veri

182 1129 219 1190 et
240 1119 304 1186 ialsi
327 1118 459 1200 speeiem
482 1117 662 1202 dignoscere
689 1114 818 1197 callas“,
841 1113 1088 1198 quemadmodum
1109 1113 1248 1178 llcrauus
1270 1117 1325 1176 sat.

191 1225 226 1304 11,
249 1223 280 1304 3,
301 1222 366 1290 208
388 1221 534 1304 loquitura
557 1218 639 1302 ‚suut
662 1221 819 1303 species
848 1219 921 1308 alius
951 1221 1036 1284 vari
1067 1217 1253 1298 scelerisque
1274 1221 1324 1280 tu-

186 1330 281 1396 rnultu
294 1327 458 1393 Permixtas
474 1323 601 1409 capiet“.
620 1360 657 1372 —
677 1326 711 1391 V.
731 1321 803 1391 112.
819 1325 892 1390 Voc.
915 1324 1046 1408 glutto
1066 1341 1130 1386 curu
1144 1321 1245 1388 Heiur.
1267 1319 1324 1384 ab·

188 1435 310 1500 lativum
333 1449 422 1511 esse,
451 1449 510 1514 quo
533 1431 693 1514 simplicior
714 1431 873 1496 uerborum
897 1427 973 1493 ordo
995 1433 1143 1505 teruntur,
1165 1434 1195 1490 et
1218 1423 1325 1492 dictum

122 1541 123 1544 ’
187 1557 244 1624 pro
261 1536 390 1615 avide,
411 1536 549 1617 cupide
565 1537 713 1602 existimo.
735 1535 886 1618 Exemplis
902 1549 1003 1616 neque
1016 1533 1101 1609 haec,
1122 1529 1326 1614 aequantem

185 1638 399 1724 interpretatio
421 1638 542 1721 probari
564 1646 674 1721 potest.
698 1669 737 1684 ··-
755 1640 788 1702 V.
813 1639 885 1704 111.
909 1638 1008 1702 Herm.
1031 1644 1114 1702 recte
1136 1633 1213 1700 suit
1232 1649 1325 1715 pcc—
1398 1655 1400 1660 ·

185 1744 429 1826 'tore‘scripsit
451 1761 512 1824 quo
533 1742 687 1806 recondita
710 1742 817 1808 mulitia
841 1742 930 1808 multo
946 1740 1074 1809 vividius
1097 1747 1127 1804 et
1149 1737 1325 1822 expressius

187 1849 387 1927 describatur,
409 1865 497 1928 quum
521 1847 613 1912 altera
635 1846 779 1918 lectiones
802 1847 837 1910 in
860 1855 1001 1930 pectore,
1030 1863 1116 1927 quam
1137 1843 1272 1910 Jahuiuuu
1296 1844 1324 1906 iu

176 1955 237 2018 ed.
261 1955 329 2016 mio.
352 1950 507 2035 praeferte
521 1951 610 2015 uideo
625 1971 711 2016 -u.
736 1949 798 2015 118
819 1957 957 2032 repeto
980 1947 1170 2014 scribendum
1187 1955 1244 2027 est,
1267 1947 1325 2014 etsi

187 2058 283 2124 miuus
306 2055 459 2120 codicibus
482 2054 714 2122 commendetur.
738 2055 857 2120 Persius
875 2055 923 2118 hic
945 2073 963 2120 a
985 2051 1156 2136 proprioad
1169 2051 1325 2137 figuratum

184 2160 305 2230 ,dicendi
334 2177 432 2244 genus
462 2159 577 2224 nausiit
605 2160 654 2224 vel
684 2160 781 2244 potius
811 2159 986 2224 sententiam
1017 2158 1144 2241 imagine
1166 2157 1325 2238 expressit

189 2265 274 2341 Onne
286 2263 429 2344 „dederat
442 2263 564 2347 supra“,
586 2264 765 2348 relegere
781 2266 800 2326 i.
812 2283 838 2328 e.
851 2271 1023 2342 retractare,
1038 2269 1189 2346 reputare,
1210 2259 1326 2324 exanti-

187 2387 271 2449 nare,
294 2369 410 2448 Stoico,
441 2387 529 2452 quum
552 2387 604 2435 res
626 2378 729 2453 aperta
759 2369 797 2433 sit
824 2369 995 2450 nullumque
1018 2385 1143 2434 examen
1167 2366 1327 2447 desideret,

185 2472 342 2558 ,indiguum
366 2480 427 2544 est.¹

183 2625 186 2633 .
271 2577 397 2642 Versum
432 2573 492 2641 126
524 2577 626 2642 Heiur.
658 2584 687 2640 et
709 2577 807 2642 llerm.
836 2577 918 2644 illum
947 2586 1069 2644 secutus
1100 2577 1177 2642 ruale
1206 2597 1275 2642 oum
1296 2597 1324 2642 v.

186 2683 237 2765 qui
260 2682 396 2763 sequitur
424 2681 488 2761 (nsi
512 2677 694 2763 increpuit‘)
725 2683 961 2765 conjunxerunt3
990 2701 1017 2744 v.
1043 2683 1104 2747 125
1127 2683 1199 2763 „qui
1218 2679 1323 2765 juhet“

187 2785 321 2850 audiatur
346 2801 472 2851 necesse
492 2793 547 2850 est.
575 2785 673 2850 Verba
706 2803 831 2864 „cessas
860 2783 1036 2870 nugator?“
1066 2785 1234 2867 deuoluunt,
1263 2805 1324 2852 nou

186 2888 392 2972 philosophum
416 2888 533 2956 decent
560 2921 597 2932 *
621 2889 655 2954 V.
683 2887 861 2956 13111111.
885 2897 916 2952 et
942 2889 1043 2955 Herm.
1066 2898 1148 2956 recte
1172 2909 1211 2956 ex
1234 2891 1324 2956 codd.

187 3011 233 3058 eu
255 2990 456 3074 sapaudum
479 2995 679 3078 scripserunt;
701 3009 762 3056 uon
779 2995 845 3076 ipse
860 2992 950 3076 piscis
966 2994 1147 3080 intelligitur,
1169 2995 1222 3058 sed
1246 3013 1326 3080 „ge-

186 3117 244 3164 nus
265 3097 446 3178 salsamenti,
468 3097 546 3181 qued
569 3117 608 3162 ex
630 3097 931 3182 praecidissent).
955 3099 1006 3164 Sin
1029 3100 1225 3182 saperdas
1248 3101 1325 3164 scat

186 3205 293 3284 luimus,
315 3219 466 3282 voc-en,
496 3201 576 3285 quod
605 3221 777 3270 sermonem
812 3205 988 3271 concitatum
1012 3213 1157 3286 exornet,
1178 3205 1328 3288 ejiciamus

185 3323 314 3374 necesse
337 3315 383 3370 est
404 3315 445 3388 et,
463 3321 535 3372 'uum
558 3309 652 3393 prime
675 3309 808 3393 syllaba,
830 3327 909 3390 quae
929 3309 1019 3394 longa
1039 3328 1109 3375 esse
1132 3310 1234 3392 debet,
1255 3311 1329 3375 bre,-

188 3413 232 3478 vis
254 3431 291 3474 nn
313 3410 402 3494 longa
426 3413 473 3493 sit,
496 3413 615 3479 dultium
639 3415 823 3496 relinquitur.
851 3415 882 3479 Si
905 3416 971 3496 quis
993 3414 1091 3478 adhuc
1113 3434 1237 3480 numere
1261 3415 1326 3480 siu-

187 3516 283 3602 gulnri
306 3513 485 3597 oileudatur,
508 3518 545 3582 cf.
568 3517 614 3599 lll,
640 3519 680 3582 76
702 3520 870 3600 „Menaoue
892 3517 974 3600 quod
997 3519 1091 3601 prima
1116 3519 1244 3584 nuendum
1267 3519 1327 3584 dc·

188 3621 294 3686 lecerit
316 3617 420 3685 orca.“
443 3653 484 3714 ῥ-
507 3624 542 3687 V.
569 3623 641 3690 135.
664 3625 767 3688 Heius.
791 3623 932 3687 etlderm.
956 3623 1001 3693 (L.
1024 3624 1055 3686 P.
1074 3623 1108 3703 11,
1130 3643 1159 3706 p.
1182 3623 1238 3700 56]
1253 3622 1327 3686 Coa

187 3744 248 3792 uon
269 3732 353 3788 recte
379 3723 417 3788 de
440 3724 509 3790 Cois
532 3728 587 3792 illis
617 3729 752 3793 vestibus
782 3727 917 3792 dilucidis
938 3728 1124 3810 interpretati
1147 3735 1234 3804 sunt3
1260 3727 1324 3792 llo-

188 3831 252 3894 ratii
270 3829 338 3894 loeo
361 3838 415 3893 sat
438 3827 459 3910 l,
481 3831 512 3912 2,
537 3832 593 3896 101
613 3833 706 3913 „Cois
722 3834 772 3898 tibi
787 3851 882 3916 paene
899 3831 1003 3898 videre
1018 3841 1073 3896 est.
1095 3829 1127 3897 .“
1149 3831 1325 3896 aestibus

189 3932 326 3998 facillime
349 3935 523 4018 suppletur,
545 3936 584 4000 cl.
608 3937 713 4002 Tibull.
737 3937 777 4019 ll,
806 3937 845 4020 1,
867 3937 909 4000 29
941 3935 1029 4017 „Ceu
1052 3933 1180 4016 vestiet
1201 3937 1273 4000 llor.
1297 3956 1323 3999 c.

188 4035 238 4116 lv,
263 4036 311 4117 13,
337 4038 375 4105 13
397 4037 500 4120 „Coae
517 4040 697 4123 purpurae“.
720 4042 900 4124 Saepissime
914 4060 989 4106 vero
1012 4042 1080 4106 uiua
1104 4058 1169 4106 uuo
1185 4040 1243 4104 uiui
1265 4057 1325 4104 nou

188 4139 289 4208 addito
321 4141 467 4222 Caecuba,
490 4143 612 4208 Falerna
634 4189 643 4208 .
666 4189 676 4210 .
697 4165 713 4208 a
735 4146 830 4227 putria
852 4146 1087 4212 denominentur.
1110 4143 1211 4218 Quare
1231 4143 1324 4210 Orell.

190 4263 259 4332 cunr
273 4241 412 4342 ¹ilaus-aab.
440 4246 538 4320 (Jahn.
561 4244 689 4331 dubitat)
718 4249 892 4337 scholiastae
914 4250 1202 4338 interpretationem
1232 4247 1278 4330 „L
1286 4265 1325 4320 u,-
