<?xml version="1.0" encoding="UTF-8"?>
<!DOCTYPE html PUBLIC "-//W3C//DTD XHTML 1.0 Transitional//EN"
    "http://www.w3.org/TR/xhtml1/DTD/xhtml1-transitional.dtd">
<html xmlns="http://www.w3.org/1999/xhtml" xml:lang="en" lang="en">
 <head>
  <title>
</title>
<meta http-equiv="Content-Type" content="text/html;charset=utf-8" />
  <meta name='ocr-system' content='tesseract 3.04.00' />
  <meta name='ocr-capabilities' content='ocr_page ocr_carea ocr_par ocr_line ocrx_word'/>
</head>
<body>
  <div class='ocr_page' id='page_1' title='image "./quaestionespers00schlgoog_0037.png"; bbox 0 0 3162 4904; ppageno 0'>
   <div class='ocr_carea' id='block_1_1' title="bbox 787 333 838 410">
    <p class='ocr_par' dir='ltr' id='par_1_1' title="bbox 787 333 838 410">
     <span class='ocr_line' id='line_1_1' title="bbox 787 333 838 410; baseline 0 0"><span class='ocrx_word' id='word_1_1' title='bbox 787 333 838 410; x_wconf 81' lang='lat'>28</span> 
     </span>
    </p>
   </div>
   <div class='ocr_carea' id='block_1_2' title="bbox 244 519 1382 925">
    <p class='ocr_par' dir='ltr' id='par_1_2' title="bbox 244 519 1382 925">
     <span class='ocr_line' id='line_1_2' title="bbox 244 519 1380 604; baseline 0.009 -18"><span class='ocrx_word' id='word_1_2' title='bbox 244 519 360 586; x_wconf 88' lang='lat' dir='ltr'>minime</span> <span class='ocrx_word' id='word_1_3' title='bbox 382 519 561 603; x_wconf 79' lang='lat' dir='ltr'>defenditur,</span> <span class='ocrx_word' id='word_1_4' title='bbox 583 537 673 604; x_wconf 82' lang='lat' dir='ltr'>quum</span> <span class='ocrx_word' id='word_1_5' title='bbox 695 519 744 586; x_wconf 90' lang='lat' dir='ltr'>ille</span> <span class='ocrx_word' id='word_1_6' title='bbox 778 523 921 604; x_wconf 81' lang='lat' dir='ltr'>Persium,</span> <span class='ocrx_word' id='word_1_7' title='bbox 939 541 1001 594; x_wconf 84' lang='lat' dir='ltr'>nott</span> <span class='ocrx_word' id='word_1_8' title='bbox 1024 533 1056 592; x_wconf 92' lang='lat' dir='ltr'>ut</span> <span class='ocrx_word' id='word_1_9' title='bbox 1077 529 1203 599; x_wconf 80' lang='lat' dir='ltr'>verbum</span> <span class='ocrx_word' id='word_1_10' title='bbox 1224 528 1264 596; x_wconf 90' lang='lat' dir='ltr'>de</span> <span class='ocrx_word' id='word_1_11' title='bbox 1284 529 1380 596; x_wconf 79' lang='lat' dir='ltr'>verbo</span> 
     </span>
     <span class='ocr_line' id='line_1_3' title="bbox 245 627 1381 718; baseline 0.009 -28"><span class='ocrx_word' id='word_1_12' title='bbox 245 627 436 709; x_wconf 73' lang='lat' dir='ltr'>exprimeret,</span> <span class='ocrx_word' id='word_1_13' title='bbox 458 635 560 710; x_wconf 90' lang='lat' dir='ltr'>aperte</span> <span class='ocrx_word' id='word_1_14' title='bbox 582 629 722 704; x_wconf 88' lang='lat' dir='ltr'>imitatus,</span> <span class='ocrx_word' id='word_1_15' title='bbox 749 647 833 711; x_wconf 90' lang='lat' dir='ltr'>rem,</span> <span class='ocrx_word' id='word_1_16' title='bbox 856 648 942 713; x_wconf 85' lang='lat' dir='ltr'>quam</span> <span class='ocrx_word' id='word_1_17' title='bbox 964 633 1086 699; x_wconf 83' lang='lat' dir='ltr'>l’ersios</span> <span class='ocrx_word' id='word_1_18' title='bbox 1109 633 1267 715; x_wconf 71' lang='lat' dir='ltr'>describit,</span> <span class='ocrx_word' id='word_1_19' title='bbox 1296 636 1381 718; x_wconf 83' lang='lat' dir='ltr'>quasi</span> 
     </span>
     <span class='ocr_line' id='line_1_4' title="bbox 247 733 1381 822; baseline 0.008 -27"><span class='ocrx_word' id='word_1_20' title='bbox 247 733 431 816; x_wconf 90' lang='lat' dir='ltr'>praeteriens</span> <span class='ocrx_word' id='word_1_21' title='bbox 467 741 578 800; x_wconf 80' lang='lat' dir='ltr'>narret.</span> <span class='ocrx_word' id='word_1_22' title='bbox 634 733 776 798; x_wconf 84' lang='lat' dir='ltr'>Particnla</span> <span class='ocrx_word' id='word_1_23' title='bbox 821 753 903 800; x_wconf 90' lang='lat' dir='ltr'>cum</span> <span class='ocrx_word' id='word_1_24' title='bbox 942 745 1063 822; x_wconf 84' lang='lat' dir='ltr'>recepte</span> <span class='ocrx_word' id='word_1_25' title='bbox 1103 739 1261 806; x_wconf 71' lang='lat' dir='ltr'>verborum</span> <span class='ocrx_word' id='word_1_26' title='bbox 1304 737 1381 804; x_wconf 87' lang='lat' dir='ltr'>orde</span> 
     </span>
     <span class='ocr_line' id='line_1_5' title="bbox 246 835 1382 925; baseline 0.007 -25"><span class='ocrx_word' id='word_1_27' title='bbox 246 837 437 920; x_wconf 87' lang='lat' dir='ltr'>pervertitur,</span> <span class='ocrx_word' id='word_1_28' title='bbox 459 837 510 919; x_wconf 87' lang='lat' dir='ltr'>qui</span> <span class='ocrx_word' id='word_1_29' title='bbox 523 835 572 901; x_wconf 85' lang='lat' dir='ltr'>liic</span> <span class='ocrx_word' id='word_1_30' title='bbox 586 845 647 905; x_wconf 77' lang='lat' dir='ltr'>este</span> <span class='ocrx_word' id='word_1_31' title='bbox 670 837 756 902; x_wconf 87' lang='lat' dir='ltr'>Unde</span> <span class='ocrx_word' id='word_1_32' title='bbox 769 837 880 904; x_wconf 83' lang='lat' dir='ltr'>licinus</span> <span class='ocrx_word' id='word_1_33' title='bbox 903 848 934 904; x_wconf 89' lang='lat' dir='ltr'>et</span> <span class='ocrx_word' id='word_1_34' title='bbox 955 840 1117 924; x_wconf 72' lang='lat' dir='ltr'>induisti,</span> <span class='ocrx_word' id='word_1_35' title='bbox 1139 862 1226 925; x_wconf 78' lang='lat' dir='ltr'>qoem</span> <span class='ocrx_word' id='word_1_36' title='bbox 1249 849 1382 908; x_wconf 90' lang='lat' dir='ltr'>arantem</span> 
     </span>
    </p>
   </div>
   <div class='ocr_carea' id='block_1_3' title="bbox 217 940 1397 4375">
    <p class='ocr_par' dir='ltr' id='par_1_3' title="bbox 246 940 1383 1445">
     <span class='ocr_line' id='line_1_6' title="bbox 247 940 1383 1028; baseline 0.006 -23"><span class='ocrx_word' id='word_1_37' title='bbox 247 959 326 1005; x_wconf 81' lang='lat' dir='ltr'>uxor</span> <span class='ocrx_word' id='word_1_38' title='bbox 348 940 519 1006; x_wconf 88' lang='lat' dir='ltr'>dictatorem</span> <span class='ocrx_word' id='word_1_39' title='bbox 541 941 633 1006; x_wconf 89' lang='lat' dir='ltr'>induit</span> <span class='ocrx_word' id='word_1_40' title='bbox 654 947 685 1006; x_wconf 91' lang='lat' dir='ltr'>et</span> <span class='ocrx_word' id='word_1_41' title='bbox 707 942 753 1007; x_wconf 89' lang='lat' dir='ltr'>cui</span> <span class='ocrx_word' id='word_1_42' title='bbox 782 950 880 1008; x_wconf 85' lang='lat' dir='ltr'>aratra</span> <span class='ocrx_word' id='word_1_43' title='bbox 901 942 988 1010; x_wconf 83' lang='lat' dir='ltr'>lictor</span> <span class='ocrx_word' id='word_1_44' title='bbox 1018 944 1134 1012; x_wconf 86' lang='lat' dir='ltr'>domum</span> <span class='ocrx_word' id='word_1_45' title='bbox 1156 947 1228 1014; x_wconf 88' lang='lat' dir='ltr'>tulit.</span> <span class='ocrx_word' id='word_1_46' title='bbox 1249 945 1383 1028; x_wconf 87' lang='lat' dir='ltr'>Jahnius,</span> 
     </span>
     <span class='ocr_line' id='line_1_7' title="bbox 247 1045 1382 1134; baseline 0.005 -24"><span class='ocrx_word' id='word_1_47' title='bbox 247 1045 335 1110; x_wconf 89' lang='lat' dir='ltr'>codd.</span> <span class='ocrx_word' id='word_1_48' title='bbox 357 1047 478 1111; x_wconf 90' lang='lat' dir='ltr'>minoris</span> <span class='ocrx_word' id='word_1_49' title='bbox 500 1046 615 1126; x_wconf 86' lang='lat' dir='ltr'>facere,</span> <span class='ocrx_word' id='word_1_50' title='bbox 636 1064 723 1129; x_wconf 85' lang='lat' dir='ltr'>quam</span> <span class='ocrx_word' id='word_1_51' title='bbox 745 1049 918 1112; x_wconf 79' lang='lat' dir='ltr'>sententiam</span> <span class='ocrx_word' id='word_1_52' title='bbox 940 1066 999 1113; x_wconf 90' lang='lat' dir='ltr'>non</span> <span class='ocrx_word' id='word_1_53' title='bbox 1021 1068 1123 1132; x_wconf 88' lang='lat' dir='ltr'>ausus,</span> <span class='ocrx_word' id='word_1_54' title='bbox 1144 1069 1307 1134; x_wconf 89' lang='lat' dir='ltr'>pronomen</span> <span class='ocrx_word' id='word_1_55' title='bbox 1328 1069 1382 1116; x_wconf 85' lang='lat' dir='ltr'>re·</span> 
     </span>
     <span class='ocr_line' id='line_1_8' title="bbox 248 1151 1383 1234; baseline 0.006 -21"><span class='ocrx_word' id='word_1_56' title='bbox 248 1151 366 1215; x_wconf 76' lang='lat' dir='ltr'>ladvu&#39;m</span> <span class='ocrx_word' id='word_1_57' title='bbox 390 1151 485 1234; x_wconf 89' lang='lat' dir='ltr'>aptius</span> <span class='ocrx_word' id='word_1_58' title='bbox 498 1170 577 1231; x_wconf 89' lang='lat' dir='ltr'>esse,</span> <span class='ocrx_word' id='word_1_59' title='bbox 593 1168 681 1234; x_wconf 82' lang='lat' dir='ltr'>quam</span> <span class='ocrx_word' id='word_1_60' title='bbox 696 1151 866 1234; x_wconf 87' lang='lat' dir='ltr'>particulam</span> <span class='ocrx_word' id='word_1_61' title='bbox 889 1171 982 1234; x_wconf 89' lang='lat' dir='ltr'>eum,</span> <span class='ocrx_word' id='word_1_62' title='bbox 1004 1154 1060 1221; x_wconf 89' lang='lat' dir='ltr'>sed</span> <span class='ocrx_word' id='word_1_63' title='bbox 1077 1155 1214 1220; x_wconf 87' lang='lat' dir='ltr'>librarios</span> <span class='ocrx_word' id='word_1_64' title='bbox 1227 1157 1257 1220; x_wconf 93' lang='lat' dir='ltr'>in</span> <span class='ocrx_word' id='word_1_65' title='bbox 1279 1174 1317 1220; x_wconf 93' lang='lat' dir='ltr'>eo</span> <span class='ocrx_word' id='word_1_66' title='bbox 1330 1154 1383 1222; x_wconf 88' lang='lat' dir='ltr'>ol-</span> 
     </span>
     <span class='ocr_line' id='line_1_9' title="bbox 246 1253 1383 1344; baseline 0.005 -26"><span class='ocrx_word' id='word_1_67' title='bbox 246 1253 390 1335; x_wconf 86' lang='lat' dir='ltr'>fendisse,</span> <span class='ocrx_word' id='word_1_68' title='bbox 412 1255 493 1338; x_wconf 85' lang='lat' dir='ltr'>quod</span> <span class='ocrx_word' id='word_1_69' title='bbox 516 1272 603 1337; x_wconf 84' lang='lat' dir='ltr'>pron.</span> <span class='ocrx_word' id='word_1_70' title='bbox 625 1255 710 1321; x_wconf 84' lang='lat' dir='ltr'>relat.</span> <span class='ocrx_word' id='word_1_71' title='bbox 732 1273 817 1337; x_wconf 89' lang='lat' dir='ltr'>pron.</span> <span class='ocrx_word' id='word_1_72' title='bbox 841 1275 923 1340; x_wconf 82' lang='lat' dir='ltr'>poss.</span> <span class='ocrx_word' id='word_1_73' title='bbox 945 1267 1098 1342; x_wconf 83' lang='lat' dir='ltr'>sequntur,</span> <span class='ocrx_word' id='word_1_74' title='bbox 1119 1267 1203 1326; x_wconf 90' lang='lat' dir='ltr'>recte</span> <span class='ocrx_word' id='word_1_75' title='bbox 1217 1259 1383 1344; x_wconf 80' lang='lat' dir='ltr'>perspexit.</span> 
     </span>
     <span class='ocr_line' id='line_1_10' title="bbox 247 1356 952 1445; baseline 0.003 -19"><span class='ocrx_word' id='word_1_76' title='bbox 247 1360 286 1426; x_wconf 80' lang='lat' dir='ltr'>At</span> <span class='ocrx_word' id='word_1_77' title='bbox 306 1359 392 1426; x_wconf 92' lang='lat' dir='ltr'>simili</span> <span class='ocrx_word' id='word_1_78' title='bbox 414 1360 531 1424; x_wconf 88' lang='lat' dir='ltr'>lieentia</span> <span class='ocrx_word' id='word_1_79' title='bbox 553 1367 643 1444; x_wconf 87' lang='lat' dir='ltr'>poeta</span> <span class='ocrx_word' id='word_1_80' title='bbox 665 1380 694 1425; x_wconf 83' lang='grc' dir='ltr'>ι.</span> <span class='ocrx_word' id='word_1_81' title='bbox 718 1356 780 1424; x_wconf 85' lang='grc'>115</span> <span class='ocrx_word' id='word_1_82' title='bbox 803 1361 952 1445; x_wconf 78' lang='lat' dir='ltr'>loquitnra</span> 
     </span>
    </p>

    <p class='ocr_par' dir='ltr' id='par_1_4' title="bbox 509 1477 850 1545">
     <span class='ocr_line' id='line_1_11' title="bbox 509 1477 850 1545; baseline 0.01 -14.188"><span class='ocrx_word' id='word_1_83' title='bbox 509 1478 612 1544; x_wconf 78' lang='lat' dir='ltr'>„Saeuit</span> <span class='ocrx_word' id='word_1_84' title='bbox 630 1477 738 1535; x_wconf 83' lang='lat' dir='ltr'>lucilius</span> <span class='ocrx_word' id='word_1_85' title='bbox 753 1479 850 1545; x_wconf 79' lang='lat' dir='ltr'>orbona,</span> 
     </span>
    </p>

    <p class='ocr_par' dir='ltr' id='par_1_5' title="bbox 248 1565 1374 1862">
     <span class='ocr_line' id='line_1_12' title="bbox 509 1565 1212 1640; baseline 0.007 -21"><span class='ocrx_word' id='word_1_86' title='bbox 509 1565 546 1620; x_wconf 78' lang='lat' dir='ltr'>Te</span> <span class='ocrx_word' id='word_1_87' title='bbox 564 1565 635 1636; x_wconf 76' lang='lat' dir='ltr'>lupi,</span> <span class='ocrx_word' id='word_1_88' title='bbox 654 1574 679 1620; x_wconf 85' lang='lat' dir='ltr'>te</span> <span class='ocrx_word' id='word_1_89' title='bbox 696 1568 762 1621; x_wconf 85' lang='lat' dir='ltr'>linei</span> <span class='ocrx_word' id='word_1_90' title='bbox 780 1574 806 1621; x_wconf 89' lang='lat' dir='ltr'>et</span> <span class='ocrx_word' id='word_1_91' title='bbox 822 1569 958 1638; x_wconf 73' lang='lat' dir='ltr'>genuinum</span> <span class='ocrx_word' id='word_1_92' title='bbox 975 1569 1050 1640; x_wconf 73' lang='lat' dir='ltr'>tregit</span> <span class='ocrx_word' id='word_1_93' title='bbox 1065 1569 1101 1622; x_wconf 90' lang='lat' dir='ltr'>in</span> <span class='ocrx_word' id='word_1_94' title='bbox 1118 1567 1212 1624; x_wconf 82' lang='lat' dir='ltr'>illis“</span> 
     </span>
     <span class='ocr_line' id='line_1_13' title="bbox 248 1671 1386 1759; baseline 0.003 -22"><span class='ocrx_word' id='word_1_95' title='bbox 248 1671 386 1738; x_wconf 85' lang='lat' dir='ltr'>Ceterum</span> <span class='ocrx_word' id='word_1_96' title='bbox 415 1674 505 1739; x_wconf 90' lang='lat' dir='ltr'>lectio</span> <span class='ocrx_word' id='word_1_97' title='bbox 551 1692 660 1758; x_wconf 84' lang='lat' dir='ltr'>quem</span> <span class='ocrx_word' id='word_1_98' title='bbox 688 1692 727 1740; x_wconf 92' lang='lat' dir='ltr'>eo</span> <span class='ocrx_word' id='word_1_99' title='bbox 763 1673 911 1754; x_wconf 73' lang='lat' dir='ltr'>unitur,</span> <span class='ocrx_word' id='word_1_100' title='bbox 941 1675 1021 1757; x_wconf 82' lang='lat' dir='ltr'>quod</span> <span class='ocrx_word' id='word_1_101' title='bbox 1059 1677 1088 1740; x_wconf 91' lang='lat' dir='ltr'>in</span> <span class='ocrx_word' id='word_1_102' title='bbox 1116 1677 1269 1759; x_wconf 87' lang='lat' dir='ltr'>plerisque</span> <span class='ocrx_word' id='word_1_103' title='bbox 1297 1673 1386 1740; x_wconf 87' lang='lat' dir='ltr'>codd.</span> 
     </span>
     <span class='ocr_line' id='line_1_14' title="bbox 249 1775 783 1862; baseline 0 -20"><span class='ocrx_word' id='word_1_104' title='bbox 249 1797 417 1860; x_wconf 78' lang='lat' dir='ltr'>„queni-</span> <span class='ocrx_word' id='word_1_105' title='bbox 444 1775 640 1844; x_wconf 79' lang='lat' dir='ltr'>tietanram‘</span> <span class='ocrx_word' id='word_1_106' title='bbox 661 1778 783 1862; x_wconf 80' lang='lat' dir='ltr'>legitur.</span> 
     </span>
    </p>

    <p class='ocr_par' dir='ltr' id='par_1_6' title="bbox 217 1879 1389 2596">
     <span class='ocr_line' id='line_1_15' title="bbox 334 1879 1385 1964; baseline 0.003 -20"><span class='ocrx_word' id='word_1_107' title='bbox 334 1879 457 1946; x_wconf 91' lang='lat' dir='ltr'>Jalmius</span> <span class='ocrx_word' id='word_1_108' title='bbox 478 1889 561 1946; x_wconf 86' lang='lat' dir='ltr'>reete</span> <span class='ocrx_word' id='word_1_109' title='bbox 583 1882 671 1960; x_wconf 86' lang='lat' dir='ltr'>iecit,</span> <span class='ocrx_word' id='word_1_110' title='bbox 699 1881 779 1964; x_wconf 87' lang='lat' dir='ltr'>quod</span> <span class='ocrx_word' id='word_1_111' title='bbox 802 1901 829 1944; x_wconf 84' lang='grc' dir='ltr'>ι.</span> <span class='ocrx_word' id='word_1_112' title='bbox 851 1881 894 1946; x_wconf 87' lang='grc'>86</span> <span class='ocrx_word' id='word_1_113' title='bbox 915 1902 981 1948; x_wconf 88' lang='lat' dir='ltr'>cnm</span> <span class='ocrx_word' id='word_1_114' title='bbox 1003 1885 1104 1952; x_wconf 81' lang='lat' dir='ltr'>Heinr.</span> <span class='ocrx_word' id='word_1_115' title='bbox 1125 1892 1157 1950; x_wconf 91' lang='lat' dir='ltr'>et</span> <span class='ocrx_word' id='word_1_116' title='bbox 1177 1883 1311 1950; x_wconf 86' lang='lat' dir='ltr'>Bendeio</span> <span class='ocrx_word' id='word_1_117' title='bbox 1333 1881 1385 1958; x_wconf 90' lang='lat' dir='ltr'>(sd</span> 
     </span>
     <span class='ocr_line' id='line_1_16' title="bbox 250 1983 1385 2073; baseline 0 -22"><span class='ocrx_word' id='word_1_118' title='bbox 250 1988 320 2052; x_wconf 89' lang='lat' dir='ltr'>Hor.</span> <span class='ocrx_word' id='word_1_119' title='bbox 345 1993 400 2050; x_wconf 79' lang='lat' dir='ltr'>sat</span> <span class='ocrx_word' id='word_1_120' title='bbox 423 1983 446 2065; x_wconf 90' lang='lat' dir='ltr'>l,</span> <span class='ocrx_word' id='word_1_121' title='bbox 470 1985 522 2064; x_wconf 82' lang='lat'>10,</span> <span class='ocrx_word' id='word_1_122' title='bbox 539 1985 627 2064; x_wconf 85' lang='grc'>78)</span> <span class='ocrx_word' id='word_1_123' title='bbox 619 2004 648 2048; x_wconf 86' lang='lat' dir='ltr'>in</span> <span class='ocrx_word' id='word_1_124' title='bbox 670 1985 718 2049; x_wconf 90' lang='lat' dir='ltr'>ed.</span> <span class='ocrx_word' id='word_1_125' title='bbox 741 1987 807 2051; x_wconf 83' lang='lat' dir='ltr'>mim</span> <span class='ocrx_word' id='word_1_126' title='bbox 831 1987 896 2050; x_wconf 84' lang='lat' dir='ltr'>los.</span> <span class='ocrx_word' id='word_1_127' title='bbox 912 1987 1055 2073; x_wconf 80' lang='lat' dir='ltr'>Scaligeri</span> <span class='ocrx_word' id='word_1_128' title='bbox 1078 1990 1277 2073; x_wconf 87' lang='lat' dir='ltr'>conjecturam</span> <span class='ocrx_word' id='word_1_129' title='bbox 1299 1986 1385 2053; x_wconf 89' lang='lat' dir='ltr'>doc·</span> 
     </span>
     <span class='ocr_line' id='line_1_17' title="bbox 217 2089 1386 2174; baseline 0.003 -21"><span class='ocrx_word' id='word_1_130' title='bbox 217 2165 219 2170; x_wconf 67' lang='lat'>,</span> <span class='ocrx_word' id='word_1_131' title='bbox 249 2099 325 2171; x_wconf 89' lang='lat' dir='ltr'>tus,</span> <span class='ocrx_word' id='word_1_132' title='bbox 345 2108 421 2173; x_wconf 86' lang='lat' dir='ltr'>quae</span> <span class='ocrx_word' id='word_1_133' title='bbox 444 2089 508 2154; x_wconf 91' lang='lat' dir='ltr'>sola</span> <span class='ocrx_word' id='word_1_134' title='bbox 530 2089 633 2154; x_wconf 90' lang='lat' dir='ltr'>Persio</span> <span class='ocrx_word' id='word_1_135' title='bbox 656 2089 744 2174; x_wconf 79' lang='lat' dir='ltr'>digna</span> <span class='ocrx_word' id='word_1_136' title='bbox 767 2099 797 2156; x_wconf 88' lang='lat' dir='ltr'>et</span> <span class='ocrx_word' id='word_1_137' title='bbox 819 2090 884 2156; x_wconf 91' lang='lat' dir='ltr'>lere</span> <span class='ocrx_word' id='word_1_138' title='bbox 907 2093 1076 2158; x_wconf 83' lang='lat' dir='ltr'>necessaria</span> <span class='ocrx_word' id='word_1_139' title='bbox 1092 2093 1162 2158; x_wconf 82' lang='lat' dir='ltr'>milii</span> <span class='ocrx_word' id='word_1_140' title='bbox 1183 2092 1314 2171; x_wconf 82' lang='lat' dir='ltr'>videtur,</span> <span class='ocrx_word' id='word_1_141' title='bbox 1333 2108 1386 2156; x_wconf 88' lang='lat' dir='ltr'>re-</span> 
     </span>
     <span class='ocr_line' id='line_1_18' title="bbox 249 2193 1387 2280; baseline 0.002 -20"><span class='ocrx_word' id='word_1_142' title='bbox 249 2197 338 2279; x_wconf 86' lang='lat' dir='ltr'>cepit.</span> <span class='ocrx_word' id='word_1_143' title='bbox 361 2195 427 2260; x_wconf 86' lang='lat' dir='ltr'>Non</span> <span class='ocrx_word' id='word_1_144' title='bbox 449 2193 575 2280; x_wconf 78' lang='lat' dir='ltr'>figurae,</span> <span class='ocrx_word' id='word_1_145' title='bbox 597 2194 705 2278; x_wconf 84' lang='lat' dir='ltr'>quibus</span> <span class='ocrx_word' id='word_1_146' title='bbox 728 2202 831 2260; x_wconf 89' lang='lat' dir='ltr'>orator</span> <span class='ocrx_word' id='word_1_147' title='bbox 846 2195 1010 2262; x_wconf 88' lang='lat' dir='ltr'>orationem</span> <span class='ocrx_word' id='word_1_148' title='bbox 1033 2196 1237 2278; x_wconf 76' lang='lat' dir='ltr'>exornaverit,</span> <span class='ocrx_word' id='word_1_149' title='bbox 1258 2194 1314 2260; x_wconf 86' lang='lat' dir='ltr'>sod</span> <span class='ocrx_word' id='word_1_150' title='bbox 1336 2211 1387 2262; x_wconf 81' lang='lat' dir='ltr'>ars</span> 
     </span>
     <span class='ocr_line' id='line_1_19' title="bbox 247 2297 1388 2385; baseline 0.002 -23"><span class='ocrx_word' id='word_1_151' title='bbox 247 2300 305 2381; x_wconf 88' lang='lat' dir='ltr'>illis</span> <span class='ocrx_word' id='word_1_152' title='bbox 328 2298 486 2364; x_wconf 90' lang='lat' dir='ltr'>commode</span> <span class='ocrx_word' id='word_1_153' title='bbox 517 2297 616 2362; x_wconf 90' lang='lat' dir='ltr'>utendi</span> <span class='ocrx_word' id='word_1_154' title='bbox 639 2297 783 2366; x_wconf 85' lang='lat' dir='ltr'>laudatur.</span> <span class='ocrx_word' id='word_1_155' title='bbox 812 2331 851 2343; x_wconf 92' lang='lat'><em>-</em></span> <span class='ocrx_word' id='word_1_156' title='bbox 884 2299 985 2365; x_wconf 89' lang='lat' dir='ltr'>Heinr.</span> <span class='ocrx_word' id='word_1_157' title='bbox 1014 2320 1043 2363; x_wconf 86' lang='lat' dir='ltr'>v.</span> <span class='ocrx_word' id='word_1_158' title='bbox 1074 2297 1117 2368; x_wconf 88' lang='grc'>90</span> <span class='ocrx_word' id='word_1_159' title='bbox 1146 2300 1225 2366; x_wconf 90' lang='lat' dir='ltr'>bene</span> <span class='ocrx_word' id='word_1_160' title='bbox 1245 2307 1388 2385; x_wconf 86' lang='lat' dir='ltr'>portas</span> 
     </span>
     <span class='ocr_line' id='line_1_20' title="bbox 247 2400 1389 2489; baseline 0 -20"><span class='ocrx_word' id='word_1_161' title='bbox 247 2404 378 2488; x_wconf 73' lang='lat' dir='ltr'>retinnit,</span> <span class='ocrx_word' id='word_1_162' title='bbox 406 2419 495 2486; x_wconf 85' lang='lat' dir='ltr'>quum</span> <span class='ocrx_word' id='word_1_163' title='bbox 526 2401 688 2486; x_wconf 78' lang='lat' dir='ltr'>naufragus</span> <span class='ocrx_word' id='word_1_164' title='bbox 724 2400 885 2468; x_wconf 78' lang='lat' dir='ltr'>calamitate</span> <span class='ocrx_word' id='word_1_165' title='bbox 919 2404 1052 2470; x_wconf 88' lang='lat' dir='ltr'>canenda</span> <span class='ocrx_word' id='word_1_166' title='bbox 1077 2407 1138 2489; x_wconf 88' lang='lat' dir='ltr'>jam</span> <span class='ocrx_word' id='word_1_167' title='bbox 1166 2405 1271 2489; x_wconf 81' lang='lat' dir='ltr'>stipem</span> <span class='ocrx_word' id='word_1_168' title='bbox 1302 2402 1389 2470; x_wconf 58' lang='lat' dir='ltr'>coli</span> 
     </span>
     <span class='ocr_line' id='line_1_21' title="bbox 247 2507 542 2596; baseline -0.007 -22"><span class='ocrx_word' id='word_1_169' title='bbox 247 2525 325 2596; x_wconf 77' lang='lat' dir='ltr'>gens</span> <span class='ocrx_word' id='word_1_170' title='bbox 346 2507 542 2573; x_wconf 87' lang='lat' dir='ltr'>describatur.</span> 
     </span>
    </p>

    <p class='ocr_par' dir='ltr' id='par_1_7' title="bbox 248 2611 1397 4375">
     <span class='ocr_line' id='line_1_22' title="bbox 335 2611 1390 2696; baseline 0.001 -19"><span class='ocrx_word' id='word_1_171' title='bbox 335 2612 368 2678; x_wconf 93' lang='lat' dir='ltr'>ln</span> <span class='ocrx_word' id='word_1_172' title='bbox 390 2611 529 2677; x_wconf 84' lang='lat' dir='ltr'>versibus</span> <span class='ocrx_word' id='word_1_173' title='bbox 552 2611 603 2694; x_wconf 89' lang='lat' dir='ltr'>qui</span> <span class='ocrx_word' id='word_1_174' title='bbox 625 2620 792 2694; x_wconf 85' lang='lat' dir='ltr'>sequentur</span> <span class='ocrx_word' id='word_1_175' title='bbox 807 2612 999 2696; x_wconf 82' lang='lat' dir='ltr'>disponendis</span> <span class='ocrx_word' id='word_1_176' title='bbox 1017 2612 1152 2679; x_wconf 86' lang='lat' dir='ltr'>editores</span> <span class='ocrx_word' id='word_1_177' title='bbox 1169 2614 1292 2682; x_wconf 89' lang='lat' dir='ltr'>multum</span> <span class='ocrx_word' id='word_1_178' title='bbox 1314 2612 1390 2678; x_wconf 88' lang='lat' dir='ltr'>iuter</span> 
     </span>
     <span class='ocr_line' id='line_1_23' title="bbox 248 2715 1390 2800; baseline -0.003 -16"><span class='ocrx_word' id='word_1_179' title='bbox 248 2738 282 2784; x_wconf 95' lang='lat' dir='ltr'>se</span> <span class='ocrx_word' id='word_1_180' title='bbox 304 2718 489 2784; x_wconf 87' lang='lat' dir='ltr'>dissentiunt.</span> <span class='ocrx_word' id='word_1_181' title='bbox 517 2715 677 2782; x_wconf 83' lang='lat' dir='ltr'>Heinrichii</span> <span class='ocrx_word' id='word_1_182' title='bbox 708 2725 738 2781; x_wconf 86' lang='lat' dir='ltr'>et</span> <span class='ocrx_word' id='word_1_183' title='bbox 769 2717 927 2782; x_wconf 87' lang='lat' dir='ltr'>Hermanni</span> <span class='ocrx_word' id='word_1_184' title='bbox 970 2735 1112 2784; x_wconf 77' lang='lat' dir='ltr'>versuum</span> <span class='ocrx_word' id='word_1_185' title='bbox 1143 2717 1237 2799; x_wconf 88' lang='lat' dir='ltr'>ordo,</span> <span class='ocrx_word' id='word_1_186' title='bbox 1268 2735 1308 2782; x_wconf 87' lang='lat' dir='ltr'>cx</span> <span class='ocrx_word' id='word_1_187' title='bbox 1329 2733 1390 2800; x_wconf 89' lang='lat' dir='ltr'>quo</span> 
     </span>
     <span class='ocr_line' id='line_1_24' title="bbox 248 2818 1390 2905; baseline -0.002 -17"><span class='ocrx_word' id='word_1_188' title='bbox 248 2843 298 2888; x_wconf 83' lang='lat' dir='ltr'>vv.</span> <span class='ocrx_word' id='word_1_189' title='bbox 328 2819 457 2888; x_wconf 71' lang='lat' dir='ltr'>tis-et</span> <span class='ocrx_word' id='word_1_190' title='bbox 493 2821 685 2901; x_wconf 87' lang='lat' dir='ltr'>edversario,</span> <span class='ocrx_word' id='word_1_191' title='bbox 718 2821 826 2904; x_wconf 88' lang='lat' dir='ltr'>reliqui</span> <span class='ocrx_word' id='word_1_192' title='bbox 857 2829 966 2905; x_wconf 90' lang='lat' dir='ltr'>poetae</span> <span class='ocrx_word' id='word_1_193' title='bbox 988 2822 1175 2904; x_wconf 86' lang='lat' dir='ltr'>tribuuntur,</span> <span class='ocrx_word' id='word_1_194' title='bbox 1214 2822 1269 2888; x_wconf 89' lang='lat' dir='ltr'>etsi</span> <span class='ocrx_word' id='word_1_195' title='bbox 1299 2818 1390 2886; x_wconf 87' lang='lat' dir='ltr'>multo</span> 
     </span>
     <span class='ocr_line' id='line_1_25' title="bbox 251 2924 1391 3012; baseline -0.008 -16"><span class='ocrx_word' id='word_1_196' title='bbox 251 2929 356 2996; x_wconf 88' lang='lat' dir='ltr'>melior</span> <span class='ocrx_word' id='word_1_197' title='bbox 378 2934 437 3009; x_wconf 86' lang='lat' dir='ltr'>est,</span> <span class='ocrx_word' id='word_1_198' title='bbox 457 2946 545 3010; x_wconf 89' lang='lat' dir='ltr'>quam</span> <span class='ocrx_word' id='word_1_199' title='bbox 567 2927 698 3008; x_wconf 88' lang='lat' dir='ltr'>illorum,</span> <span class='ocrx_word' id='word_1_200' title='bbox 717 2927 767 3010; x_wconf 84' lang='lat' dir='ltr'>qui</span> <span class='ocrx_word' id='word_1_201' title='bbox 779 2926 913 3012; x_wconf 80' lang='lat' dir='ltr'>singulos</span> <span class='ocrx_word' id='word_1_202' title='bbox 934 2945 1045 2992; x_wconf 82' lang='lat' dir='ltr'>versus</span> <span class='ocrx_word' id='word_1_203' title='bbox 1068 2935 1100 2993; x_wconf 87' lang='lat' dir='ltr'>ut</span> <span class='ocrx_word' id='word_1_204' title='bbox 1120 2928 1149 2992; x_wconf 90' lang='lat' dir='ltr'>in</span> <span class='ocrx_word' id='word_1_205' title='bbox 1166 2924 1320 2993; x_wconf 88' lang='lat' dir='ltr'>comoedia</span> <span class='ocrx_word' id='word_1_206' title='bbox 1341 2924 1391 2988; x_wconf 86' lang='lat' dir='ltr'>in-</span> 
     </span>
     <span class='ocr_line' id='line_1_26' title="bbox 249 3030 1393 3114; baseline -0.003 -16"><span class='ocrx_word' id='word_1_207' title='bbox 249 3044 297 3101; x_wconf 88' lang='lat' dir='ltr'>ter</span> <span class='ocrx_word' id='word_1_208' title='bbox 318 3032 453 3098; x_wconf 84' lang='lat' dir='ltr'>Persium</span> <span class='ocrx_word' id='word_1_209' title='bbox 484 3039 513 3096; x_wconf 92' lang='lat' dir='ltr'>et</span> <span class='ocrx_word' id='word_1_210' title='bbox 535 3030 736 3096; x_wconf 86' lang='lat' dir='ltr'>adversarium</span> <span class='ocrx_word' id='word_1_211' title='bbox 760 3030 974 3098; x_wconf 86' lang='lat' dir='ltr'>distribuerunt</span> <span class='ocrx_word' id='word_1_212' title='bbox 1004 3050 1040 3097; x_wconf 90' lang='lat' dir='ltr'>ac</span> <span class='ocrx_word' id='word_1_213' title='bbox 1068 3031 1134 3098; x_wconf 90' lang='lat' dir='ltr'>lere</span> <span class='ocrx_word' id='word_1_214' title='bbox 1156 3030 1393 3114; x_wconf 84' lang='lat' dir='ltr'>discerpserunt,</span> 
     </span>
     <span class='ocr_line' id='line_1_27' title="bbox 249 3133 1392 3216; baseline -0.004 -13"><span class='ocrx_word' id='word_1_215' title='bbox 249 3156 341 3204; x_wconf 86' lang='lat' dir='ltr'>verus</span> <span class='ocrx_word' id='word_1_216' title='bbox 363 3135 433 3201; x_wconf 91' lang='lat' dir='ltr'>mihi</span> <span class='ocrx_word' id='word_1_217' title='bbox 455 3153 515 3200; x_wconf 91' lang='lat' dir='ltr'>non</span> <span class='ocrx_word' id='word_1_218' title='bbox 537 3135 666 3200; x_wconf 85' lang='lat' dir='ltr'>videtur.</span> <span class='ocrx_word' id='word_1_219' title='bbox 699 3135 933 3216; x_wconf 81' lang='lat' dir='ltr'>Adversarinm,</span> <span class='ocrx_word' id='word_1_220' title='bbox 963 3137 1103 3201; x_wconf 88' lang='lat' dir='ltr'>acerbum</span> <span class='ocrx_word' id='word_1_221' title='bbox 1126 3134 1198 3201; x_wconf 89' lang='lat' dir='ltr'>illud</span> <span class='ocrx_word' id='word_1_222' title='bbox 1220 3133 1392 3216; x_wconf 82' lang='lat' dir='ltr'>,claudere</span> 
     </span>
     <span class='ocr_line' id='line_1_28' title="bbox 249 3237 1391 3323; baseline -0.01 -12"><span class='ocrx_word' id='word_1_223' title='bbox 249 3243 295 3311; x_wconf 90' lang='lat' dir='ltr'>sic</span> <span class='ocrx_word' id='word_1_224' title='bbox 316 3259 439 3308; x_wconf 84' lang='lat' dir='ltr'>versum</span> <span class='ocrx_word' id='word_1_225' title='bbox 462 3237 583 3304; x_wconf 88' lang='lat' dir='ltr'>didicit“</span> <span class='ocrx_word' id='word_1_226' title='bbox 606 3239 845 3323; x_wconf 81' lang='lat' dir='ltr'>proloqnilnaud</span> <span class='ocrx_word' id='word_1_227' title='bbox 867 3240 1006 3322; x_wconf 82' lang='lat' dir='ltr'>veritum,</span> <span class='ocrx_word' id='word_1_228' title='bbox 1027 3248 1061 3308; x_wconf 86' lang='lat' dir='ltr'>ut</span> <span class='ocrx_word' id='word_1_229' title='bbox 1082 3257 1273 3305; x_wconf 85' lang='lat' dir='ltr'>numerorum</span> <span class='ocrx_word' id='word_1_230' title='bbox 1295 3238 1391 3305; x_wconf 90' lang='lat' dir='ltr'>deeo-</span> 
     </span>
     <span class='ocr_line' id='line_1_29' title="bbox 249 3342 1393 3430; baseline -0.004 -20"><span class='ocrx_word' id='word_1_231' title='bbox 249 3366 313 3412; x_wconf 92' lang='lat' dir='ltr'>rem</span> <span class='ocrx_word' id='word_1_232' title='bbox 333 3355 365 3410; x_wconf 91' lang='lat' dir='ltr'>et</span> <span class='ocrx_word' id='word_1_233' title='bbox 388 3344 567 3430; x_wconf 77' lang='lat' dir='ltr'>elegantiam</span> <span class='ocrx_word' id='word_1_234' title='bbox 581 3344 726 3426; x_wconf 86' lang='lat' dir='ltr'>laudaret,</span> <span class='ocrx_word' id='word_1_235' title='bbox 749 3364 789 3408; x_wconf 81' lang='lat' dir='ltr'>ex</span> <span class='ocrx_word' id='word_1_236' title='bbox 811 3344 988 3412; x_wconf 86' lang='lat' dir='ltr'>carminibus</span> <span class='ocrx_word' id='word_1_237' title='bbox 999 3351 1167 3430; x_wconf 88' lang='lat' dir='ltr'>poetarum,</span> <span class='ocrx_word' id='word_1_238' title='bbox 1189 3361 1266 3426; x_wconf 87' lang='lat' dir='ltr'>ques</span> <span class='ocrx_word' id='word_1_239' title='bbox 1290 3342 1393 3411; x_wconf 87' lang='lat' dir='ltr'>deien-</span> 
     </span>
     <span class='ocr_line' id='line_1_30' title="bbox 250 3445 1394 3534; baseline -0.004 -18"><span class='ocrx_word' id='word_1_240' title='bbox 250 3452 301 3531; x_wconf 90' lang='lat' dir='ltr'>dit,</span> <span class='ocrx_word' id='word_1_241' title='bbox 324 3449 432 3516; x_wconf 85' lang='lat' dir='ltr'>tumida</span> <span class='ocrx_word' id='word_1_242' title='bbox 452 3467 651 3534; x_wconf 86' lang='lat' dir='ltr'>quaeeunque</span> <span class='ocrx_word' id='word_1_243' title='bbox 673 3456 704 3514; x_wconf 89' lang='lat' dir='ltr'>et</span> <span class='ocrx_word' id='word_1_244' title='bbox 718 3449 816 3514; x_wconf 87' lang='lat' dir='ltr'>inflata</span> <span class='ocrx_word' id='word_1_245' title='bbox 830 3448 972 3534; x_wconf 82' lang='lat' dir='ltr'>elegisse,</span> <span class='ocrx_word' id='word_1_246' title='bbox 994 3448 1075 3515; x_wconf 85' lang='lat' dir='ltr'>credi</span> <span class='ocrx_word' id='word_1_247' title='bbox 1095 3465 1156 3512; x_wconf 91' lang='lat' dir='ltr'>non</span> <span class='ocrx_word' id='word_1_248' title='bbox 1177 3453 1287 3531; x_wconf 80' lang='lat' dir='ltr'>potest.</span> <span class='ocrx_word' id='word_1_249' title='bbox 1309 3445 1394 3514; x_wconf 80' lang='lat' dir='ltr'>Nero</span> 
     </span>
     <span class='ocr_line' id='line_1_31' title="bbox 249 3551 1394 3636; baseline -0.004 -13"><span class='ocrx_word' id='word_1_250' title='bbox 249 3573 324 3623; x_wconf 83' lang='lat' dir='ltr'>vero</span> <span class='ocrx_word' id='word_1_251' title='bbox 345 3573 412 3620; x_wconf 89' lang='lat' dir='ltr'>cum</span> <span class='ocrx_word' id='word_1_252' title='bbox 436 3554 599 3620; x_wconf 82' lang='lat' dir='ltr'>uuebnero</span> <span class='ocrx_word' id='word_1_253' title='bbox 621 3553 689 3618; x_wconf 89' lang='lat' dir='ltr'>illos</span> <span class='ocrx_word' id='word_1_254' title='bbox 712 3571 821 3618; x_wconf 82' lang='lat' dir='ltr'>versus</span> <span class='ocrx_word' id='word_1_255' title='bbox 844 3571 884 3618; x_wconf 86' lang='lat' dir='ltr'>ex</span> <span class='ocrx_word' id='word_1_256' title='bbox 906 3552 1026 3636; x_wconf 80' lang='lat' dir='ltr'>ingenio</span> <span class='ocrx_word' id='word_1_257' title='bbox 1049 3571 1085 3617; x_wconf 91' lang='lat' dir='ltr'>ac</span> <span class='ocrx_word' id='word_1_258' title='bbox 1105 3551 1214 3618; x_wconf 90' lang='lat' dir='ltr'>studiis</span> <span class='ocrx_word' id='word_1_259' title='bbox 1236 3557 1394 3636; x_wconf 82' lang='lat' dir='ltr'>poetarum</span> 
     </span>
     <span class='ocr_line' id='line_1_32' title="bbox 250 3653 1395 3740; baseline -0.005 -16"><span class='ocrx_word' id='word_1_260' title='bbox 250 3662 329 3726; x_wconf 89' lang='lat' dir='ltr'>illius</span> <span class='ocrx_word' id='word_1_261' title='bbox 350 3660 454 3726; x_wconf 89' lang='lat' dir='ltr'>aetatis</span> <span class='ocrx_word' id='word_1_262' title='bbox 485 3678 501 3723; x_wconf 89' lang='lat' dir='ltr'>a</span> <span class='ocrx_word' id='word_1_263' title='bbox 530 3660 630 3724; x_wconf 83' lang='lat' dir='ltr'>Persio</span> <span class='ocrx_word' id='word_1_264' title='bbox 668 3659 735 3740; x_wconf 92' lang='lat' dir='ltr'>ipso</span> <span class='ocrx_word' id='word_1_265' title='bbox 758 3657 844 3721; x_wconf 83' lang='lat' dir='ltr'>letos</span> <span class='ocrx_word' id='word_1_266' title='bbox 873 3665 905 3722; x_wconf 92' lang='lat' dir='ltr'>et</span> <span class='ocrx_word' id='word_1_267' title='bbox 932 3657 1125 3724; x_wconf 83' lang='lat' dir='ltr'>concinnatos</span> <span class='ocrx_word' id='word_1_268' title='bbox 1147 3656 1310 3722; x_wconf 73' lang='lat' dir='ltr'>ancones.</span> <span class='ocrx_word' id='word_1_269' title='bbox 1331 3653 1395 3719; x_wconf 75' lang='lat' dir='ltr'>Vi.</span> 
     </span>
     <span class='ocr_line' id='line_1_33' title="bbox 250 3758 1396 3849; baseline -0.006 -18"><span class='ocrx_word' id='word_1_270' title='bbox 250 3766 301 3831; x_wconf 87' lang='lat'>96.</span> <span class='ocrx_word' id='word_1_271' title='bbox 324 3761 377 3845; x_wconf 76' lang='grc'>97,</span> <span class='ocrx_word' id='word_1_272' title='bbox 399 3763 507 3849; x_wconf 83' lang='lat' dir='ltr'>quibus</span> <span class='ocrx_word' id='word_1_273' title='bbox 527 3763 643 3848; x_wconf 75' lang='lat' dir='ltr'>Virgilii</span> <span class='ocrx_word' id='word_1_274' title='bbox 660 3781 732 3845; x_wconf 88' lang='lat' dir='ltr'>prae</span> <span class='ocrx_word' id='word_1_275' title='bbox 753 3762 870 3826; x_wconf 85' lang='lat' dir='ltr'>illorum</span> <span class='ocrx_word' id='word_1_276' title='bbox 892 3767 1009 3826; x_wconf 88' lang='lat' dir='ltr'>tumore</span> <span class='ocrx_word' id='word_1_277' title='bbox 1032 3769 1062 3826; x_wconf 89' lang='lat' dir='ltr'>et</span> <span class='ocrx_word' id='word_1_278' title='bbox 1083 3762 1203 3843; x_wconf 90' lang='lat' dir='ltr'>ineptiis</span> <span class='ocrx_word' id='word_1_279' title='bbox 1215 3758 1396 3845; x_wconf 86' lang='lat' dir='ltr'>praestantia</span> 
     </span>
     <span class='ocr_line' id='line_1_34' title="bbox 249 3858 1397 3951; baseline -0.009 -15"><span class='ocrx_word' id='word_1_280' title='bbox 249 3858 395 3948; x_wconf 82' lang='lat' dir='ltr'>laudatur,</span> <span class='ocrx_word' id='word_1_281' title='bbox 415 3869 510 3933; x_wconf 87' lang='lat' dir='ltr'>Persii</span> <span class='ocrx_word' id='word_1_282' title='bbox 532 3868 625 3951; x_wconf 90' lang='lat' dir='ltr'>ipsius</span> <span class='ocrx_word' id='word_1_283' title='bbox 648 3867 818 3933; x_wconf 81' lang='lat' dir='ltr'>esseJalin.</span> <span class='ocrx_word' id='word_1_284' title='bbox 832 3873 917 3931; x_wconf 89' lang='lat' dir='ltr'>recte</span> <span class='ocrx_word' id='word_1_285' title='bbox 939 3865 1092 3932; x_wconf 82' lang='lat' dir='ltr'>intellexit</span> <span class='ocrx_word' id='word_1_286' title='bbox 1114 3865 1221 3930; x_wconf 81' lang='lat' dir='ltr'>llelius</span> <span class='ocrx_word' id='word_1_287' title='bbox 1239 3865 1299 3948; x_wconf 86' lang='lat' dir='ltr'>jam</span> <span class='ocrx_word' id='word_1_288' title='bbox 1316 3864 1397 3928; x_wconf 87' lang='lat' dir='ltr'>ller-</span> 
     </span>
     <span class='ocr_line' id='line_1_35' title="bbox 249 3970 1396 4060; baseline -0.005 -20"><span class='ocrx_word' id='word_1_289' title='bbox 249 3977 341 4040; x_wconf 89' lang='lat' dir='ltr'>derua</span> <span class='ocrx_word' id='word_1_290' title='bbox 363 3976 490 4060; x_wconf 87' lang='lat' dir='ltr'>primum</span> <span class='ocrx_word' id='word_1_291' title='bbox 513 3981 624 4037; x_wconf 89' lang='lat' dir='ltr'>tantum</span> <span class='ocrx_word' id='word_1_292' title='bbox 647 3989 768 4036; x_wconf 86' lang='lat' dir='ltr'>versum</span> <span class='ocrx_word' id='word_1_293' title='bbox 791 3970 976 4052; x_wconf 84' lang='lat' dir='ltr'>adversario,</span> <span class='ocrx_word' id='word_1_294' title='bbox 998 3970 1133 4053; x_wconf 86' lang='lat' dir='ltr'>reliquos</span> <span class='ocrx_word' id='word_1_295' title='bbox 1156 3985 1263 4034; x_wconf 87' lang='lat' dir='ltr'>omnes</span> <span class='ocrx_word' id='word_1_296' title='bbox 1282 3973 1396 4051; x_wconf 85' lang='lat' dir='ltr'>poetae</span> 
     </span>
     <span class='ocr_line' id='line_1_36' title="bbox 250 4069 1396 4162; baseline -0.012 -15"><span class='ocrx_word' id='word_1_297' title='bbox 250 4079 456 4147; x_wconf 82' lang='lat' dir='ltr'>attribuendas</span> <span class='ocrx_word' id='word_1_298' title='bbox 480 4096 550 4144; x_wconf 89' lang='lat' dir='ltr'>esse</span> <span class='ocrx_word' id='word_1_299' title='bbox 569 4078 719 4162; x_wconf 86' lang='lat' dir='ltr'>judicavit.</span> <span class='ocrx_word' id='word_1_300' title='bbox 756 4075 871 4160; x_wconf 89' lang='lat' dir='ltr'>Optima</span> <span class='ocrx_word' id='word_1_301' title='bbox 894 4083 923 4138; x_wconf 89' lang='lat' dir='ltr'>et</span> <span class='ocrx_word' id='word_1_302' title='bbox 945 4075 1033 4140; x_wconf 88' lang='lat' dir='ltr'>unice</span> <span class='ocrx_word' id='word_1_303' title='bbox 1063 4092 1135 4138; x_wconf 84' lang='lat' dir='ltr'>vera</span> <span class='ocrx_word' id='word_1_304' title='bbox 1163 4072 1259 4136; x_wconf 79' lang='lat' dir='ltr'>lisinii</span> <span class='ocrx_word' id='word_1_305' title='bbox 1281 4069 1396 4137; x_wconf 90' lang='lat' dir='ltr'>scholi-</span> 
     </span>
     <span class='ocr_line' id='line_1_37' title="bbox 252 4178 1397 4269; baseline -0.01 -19"><span class='ocrx_word' id='word_1_306' title='bbox 252 4193 355 4267; x_wconf 88' lang='lat' dir='ltr'>astam,</span> <span class='ocrx_word' id='word_1_307' title='bbox 378 4186 427 4269; x_wconf 87' lang='lat' dir='ltr'>qui</span> <span class='ocrx_word' id='word_1_308' title='bbox 447 4184 612 4250; x_wconf 88' lang='lat' dir='ltr'>adversarii</span> <span class='ocrx_word' id='word_1_309' title='bbox 636 4201 674 4248; x_wconf 92' lang='lat' dir='ltr'>ne</span> <span class='ocrx_word' id='word_1_310' title='bbox 696 4183 875 4246; x_wconf 89' lang='lat' dir='ltr'>mentionem</span> <span class='ocrx_word' id='word_1_311' title='bbox 899 4180 1019 4264; x_wconf 77' lang='lat' dir='ltr'>quidem</span> <span class='ocrx_word' id='word_1_312' title='bbox 1041 4179 1122 4259; x_wconf 91' lang='lat' dir='ltr'>lecit,</span> <span class='ocrx_word' id='word_1_313' title='bbox 1151 4178 1247 4244; x_wconf 88' lang='lat' dir='ltr'>secuti</span> <span class='ocrx_word' id='word_1_314' title='bbox 1270 4183 1397 4242; x_wconf 90' lang='lat' dir='ltr'>senten-</span> 
     </span>
     <span class='ocr_line' id='line_1_38' title="bbox 253 4281 1395 4375; baseline -0.012 -18"><span class='ocrx_word' id='word_1_315' title='bbox 253 4293 292 4357; x_wconf 92' lang='lat' dir='ltr'>tia</span> <span class='ocrx_word' id='word_1_316' title='bbox 315 4292 384 4356; x_wconf 87' lang='lat' dir='ltr'>mihi</span> <span class='ocrx_word' id='word_1_317' title='bbox 407 4291 535 4372; x_wconf 85' lang='lat' dir='ltr'>videtur,</span> <span class='ocrx_word' id='word_1_318' title='bbox 558 4289 707 4375; x_wconf 77' lang='lat' dir='ltr'>dialogum</span> <span class='ocrx_word' id='word_1_319' title='bbox 730 4288 778 4351; x_wconf 90' lang='lat' dir='ltr'>hic</span> <span class='ocrx_word' id='word_1_320' title='bbox 800 4287 909 4352; x_wconf 86' lang='lat' dir='ltr'>nullum</span> <span class='ocrx_word' id='word_1_321' title='bbox 931 4303 1015 4367; x_wconf 88' lang='lat' dir='ltr'>esse,</span> <span class='ocrx_word' id='word_1_322' title='bbox 1035 4301 1125 4367; x_wconf 70' lang='lat' dir='ltr'>quun</span> <span class='ocrx_word' id='word_1_323' title='bbox 1148 4282 1292 4363; x_wconf 73' lang='lat' dir='ltr'>Opellius,</span> <span class='ocrx_word' id='word_1_324' title='bbox 1312 4281 1395 4344; x_wconf 91' lang='lat' dir='ltr'>Hau·</span> 
     </span>
    </p>
   </div>
   <div class='ocr_carea' id='block_1_4' title="bbox 0 0 1596 4904">
    <p class='ocr_par' dir='ltr' id='par_1_8' title="bbox 0 0 1596 4904">
     <span class='ocr_line' id='line_1_39' title="bbox 0 0 1596 4904; baseline 0 0"><span class='ocrx_word' id='word_1_325' title='bbox 0 0 1596 4904; x_wconf 95' lang='lat' dir='ltr'> </span> 
     </span>
    </p>
   </div>
  </div>
 </body>
</html>
