3162 4904
832 285 884 362 20

292 477 407 547 dicendi
434 478 510 542 ratio
540 477 738 562 agnoscitur?
768 476 888 560 Optime
917 474 1070 543 OEoeronis
1101 475 1157 544 lilia
1186 477 1224 542 da
1254 477 1428 562 'lhocydide
1558 495 1559 562 i

291 585 390 649 verbis
420 583 520 657 (Brut.
551 602 578 648 c.
611 585 646 657 i)
683 583 722 647 de
750 583 872 662 Persio,
912 599 1088 665 quamquam
1119 582 1158 647 illi
1185 583 1307 668 ingenio
1337 581 1427 666 longe
1558 565 1559 586 ¹

291 688 426 773 dispares
448 695 528 768 sunt,
545 686 743 770 judicaverim
779 686 924 771 ,grandis
952 687 1064 768 verbis,
1085 688 1308 770 compressione
1329 705 1428 752 rerum

291 793 396 859 brevis
428 800 459 856 ot
486 792 525 856 ob
548 807 611 855 eam
639 791 733 874 ipsam
757 809 874 856 causum
897 787 1131 856 subobscurusf‘
1159 790 1192 856 lu
1214 791 1307 856 l’arsii
1329 791 1428 856 satiris

295 915 387 982 pauca
409 903 520 962 tantum
543 897 633 962 verda
664 915 724 960 non
745 896 878 980 vulgaria
900 903 930 959 et
951 895 1065 981 figurae
1086 913 1190 978 parum
1212 898 1336 960 usitatae
1357 913 1429 959 ora-

293 997 368 1068 tioni
396 1001 604 1065 obscuritatem
636 1007 667 1064 et
698 1000 837 1066 tenebras
868 1001 1014 1080 aderunt,
1044 1000 1195 1065 luvenalis
1222 1001 1332 1065 satirae
1353 999 1429 1063 doc-
1558 1029 1559 1042 ι

289 1107 365 1172 nina
387 1105 520 1188 repletae
542 1106 608 1169 sine
630 1106 840 1169 commentario
862 1107 914 1170 vix
935 1104 1146 1190 intelliguntur.
1176 1103 1235 1172 Sed
1257 1103 1307 1168 ille
1329 1112 1430 1168 nens-

292 1213 434 1278 lationum
465 1229 540 1275 usus
571 1218 702 1276 veterum
730 1211 907 1292 scriptorum
936 1209 1082 1290 omnium,
1118 1210 1225 1292 quibus
1246 1209 1342 1292 mujor
1363 1225 1429 1275 cum

292 1323 396 1382 notura
426 1313 616 1378 necessitudo
645 1315 785 1399 contigit,
812 1315 952 1397 proprius
981 1321 1038 1378 est
1068 1314 1188 1380 Persius
1218 1313 1295 1378 duce
1323 1321 1429 1378 natura
1558 1339 1559 1396 3

293 1439 347 1486 sua
376 1419 487 1500 ubique
516 1418 622 1482 mentis
650 1436 710 1500 qaro
742 1419 883 1483 excelluit
911 1419 1060 1482 acumine·
1074 1419 1219 1500 quosdam
1248 1419 1335 1482 animi
1362 1435 1429 1482 cum

294 1526 386 1590 rebus
406 1522 614 1588 similitudines
641 1521 796 1604 inquirens
828 1521 976 1588 nonnullis
1006 1523 1124 1605 quidem
1145 1525 1219 1588 locis
1237 1521 1339 1607 judicii
1361 1523 1430 1587 ele·

294 1630 422 1714 gantiam
445 1646 505 1691 non
528 1628 672 1708 servavit,
693 1628 743 1692 ubi
765 1628 814 1692 vel
836 1626 949 1692 duabus
972 1635 1003 1692 et
1025 1645 1102 1710 quae
1125 1645 1249 1709 prorsus
1273 1626 1429 1693 dissimiles

295 1743 364 1801 aunt
385 1732 581 1818 imaginibus,
604 1731 711 1796 dubius
733 1741 827 1796 utram
850 1733 990 1816 eligeret,
1019 1733 1126 1812 utitur,
1155 1729 1194 1814 (Ι,
1216 1731 1276 1812 at;
1298 1731 1348 1814 lv,
1371 1731 1429 1810 123

295 1839 333 1917 V,
355 1838 413 1913 25)
441 1837 491 1901 rel
521 1836 603 1918 quod
620 1835 679 1918 jam
708 1838 835 1921 imagine
858 1838 1023 1919 expressit,
1053 1836 1153 1900 verbis
1175 1837 1303 1921 propriis
1326 1837 1430 1922 repetd

295 1952 326 2010 et
342 1942 510 2007 accuratius
527 1941 655 2004 declarat
675 1940 712 2021 (l,
735 1943 755 2006 5
777 1959 843 2024 sqq.
866 1939 914 2020 ΙΙΙ,
937 1937 977 2005 67
1000 1959 1066 2024 sqq.
1090 1941 1127 2023 V,
1152 1938 1192 2006 10
1212 1947 1302 2034 sqq).
1326 1940 1427 2006 Varis·
1558 2009 1559 2014 ,

296 2051 401 2116 simum
431 2063 506 2110 vero
537 2054 600 2124 est,
631 2045 711 2126 quod
734 2046 888 2130 Longinus
919 2045 1004 2125 dicit,
1034 2053 1139 2128 tropos
1168 2046 1332 2110 sublimium
1364 2063 1427 2110 csso

295 2152 494 2237 ingeniorum,
517 2166 644 2231 quorum
668 2157 697 2211 et
718 2149 766 2212 illa
789 2149 907 2214 dicendi
929 2151 1070 2230 brevitas,
1095 2169 1173 2232 quoe
1191 2149 1336 2216 lectorem
1359 2167 1430 2214 acu·
1558 2209 1559 2250 ,

295 2265 356 2322 turn
388 2263 419 2320 et
440 2261 581 2318 attentum
604 2251 773 2334 desiderat,
802 2255 929 2318 maxime
956 2254 1034 2337 apud
1057 2255 1209 2338 Persium,
1239 2256 1289 2338 qui
1311 2255 1430 2341 saepis·
1558 2255 1559 2286 ³

270 2363 369 2426 'sime
391 2375 560 2424 sermonem
584 2357 733 2440 inceptura
757 2357 901 2442 abrumpit
923 2359 1089 2440 mollesque
1111 2360 1149 2425 ad
1172 2367 1345 2444 argumenta
1367 2359 1431 2423 adi-

294 2471 343 2530 tus
364 2463 488 2546 summi.
517 2461 609 2526 Persii
641 2462 803 2526 sententias
825 2478 885 2526 uon
912 2464 1023 2546 ubique
1045 2465 1117 2529 satis
1140 2465 1231 2530 nitide
1254 2474 1285 2531 et
1306 2465 1433 2550 elegan—
1558 2457 1559 2487 ¹

296 2578 345 2635 tor
364 2567 564 2632 conformatas
587 2583 657 2629 esse
679 2566 766 2630 facile
788 2567 937 2648 concedo,
965 2567 1020 2633 sed
1051 2588 1092 2632 ex
1115 2577 1218 2635 nature
1240 2571 1304 2653 ipsa
1326 2569 1432 2649 petitae

295 2675 405 2755 cuique
432 2673 477 2734 rei
507 2671 633 2734 maxime
663 2677 732 2733 sant
759 2669 1006 2738 accommodatae.
1039 2674 1149 2738 Poetae
1179 2675 1283 2739 comici
1315 2683 1344 2740 ot
1365 2675 1434 2740 sati·

296 2778 350 2842 rici
373 2795 496 2854 omnes,
526 2781 558 2838 ut
580 2773 727 2836 hominum
751 2773 819 2837 vitia
840 2777 964 2860 granius
986 2779 1137 2864 exagitent
1159 2787 1189 2844 et
1210 2781 1302 2844 risum
1324 2797 1433 2844 move-

298 2891 359 2962 ant,
380 2897 519 2946 sermone
542 2877 663 2956 festivo,
684 2877 831 2942 interdum
853 2887 988 2963 contorto
1011 2889 1142 2962 utuntur,
1164 2902 1264 2967 neque
1285 2883 1433 2967 tropostt
1558 2939 1559 2948 ,

295 2984 471 3070 repudiaut3
502 3001 562 3046 non
592 2980 670 3064 apud
701 2981 769 3046 illos
791 2985 959 3064 quaeritur,
989 2985 1060 3066 quid
1081 3003 1138 3068 par
1166 3005 1201 3051 se
1222 2987 1376 3071 pulchrum
1397 3005 1435 3052 ac

296 3091 480 3178 perlectum,
515 3087 566 3150 sed
598 3084 668 3167 quid
697 3087 756 3166 rei,
791 3103 877 3168 quana
907 3087 1096 3170 describunt,
1131 3097 1229 3173 aptum
1261 3099 1291 3156 et
1319 3109 1435 3156 conne-

298 3197 386 3261 aiens
407 3194 452 3260 sit.

384 3325 422 3389 Ut
442 3339 518 3387 nero
534 3319 628 3385 Persii
651 3319 759 3384 satirae
781 3322 898 3403 penitus
920 3323 1128 3408 intelligantur,
1149 3345 1248 3410 neque
1262 3325 1320 3392 hoc
1336 3327 1434 3414 negli-
1558 3333 1559 3420 3

299 3430 427 3517 gendum
458 3434 520 3507 est,
548 3424 628 3508 quod
664 3423 798 3509 dialogo,
831 3427 939 3491 satirae
976 3427 1125 3493 Romanae
1159 3434 1297 3516 proprio,
1335 3435 1436 3512 utitur,
1558 3425 1559 3506 l

299 3553 386 3618 quem
409 3533 447 3598 ita
470 3531 608 3610 instituit,
636 3537 668 3594 ut
690 3529 892 3594 adversarium
914 3549 996 3595 suam
1018 3531 1110 3614 ipsius
1131 3537 1304 3601 sententiam
1327 3537 1435 3600 deien-
1558 3521 1559 3562 Ι

301 3640 416 3703 dentem
440 3633 496 3702 sibi
519 3635 620 3718 linget.
643 3633 697 3698 llic
711 3635 833 3698 aliorum
848 3653 968 3699 causam
990 3655 1083 3720 agens
1104 3656 1272 3704 sermonem
1287 3641 1436 3705 hominum

298 3753 356 3809 tam
379 3743 504 3828 egregie
528 3757 706 3822 expressum
736 3739 847 3817 reddit,
879 3747 910 3802 ut
931 3737 972 3802 illi
993 3739 1118 3806 Bacenis
1134 3745 1232 3808 Verul.
1254 3753 1437 3829 praecepto:

298 3846 501 3930 „loquendum
524 3851 586 3924 ost,
613 3851 645 3907 ut
667 3843 792 3928 vulgus,
821 3841 1024 3926 sentiendum,
1044 3853 1076 3909 ut
1098 3847 1270 3929 sapientes“
1291 3850 1321 3913 in
1343 3845 1437 3913 Persii

298 3953 395 4018 satiris
418 3952 528 4035 optime
549 3948 731 4014 satialuctum
754 3963 824 4011 esse
847 3946 939 4012 dicas.
967 3946 1084 4016 Summa
1106 3967 1184 4018 vcro
1205 3963 1294 4038 pocta
1315 3955 1345 4018 in
1368 3953 1436 4018 dia-

367 4243 398 4314 'J
415 4245 485 4310 Odor
503 4247 611 4304 licutino
629 4260 718 4323 arguite
735 4269 791 4322 „an
810 4271 879 4311 arnae
897 4253 923 4310 di
939 4255 1053 4316 chorad‘
1071 4247 1213 4326 appellauit.
