3162 4904
738 397 788 474 15

600 693 745 757 Satira
766 695 927 772 prima.

281 831 437 896 llermanni
460 831 618 896 verborum
640 827 712 897 v.2
735 839 765 897 et
789 833 808 898 3
831 831 996 898 distributio

238 934 331 1014 „Quis
353 936 434 1024 leget
455 937 552 1001 haec?
578 971 613 980 —-
638 937 707 1002 lliu’
730 946 759 1001 tu
783 936 860 1002 istud
881 937 946 1002 ais?
969 953 1056 1000 nemo
1078 933 1224 999 herculei
1246 965 1288 980 -·

504 1042 623 1106 Nemo?
649 1075 687 1086 -

238 1143 292 1207 Vel
315 1145 390 1224 duo,
412 1145 462 1210 uel
485 1165 579 1210 nemo.
600 1141 665 1192 -·“

196 1247 283 1311 etiam
307 1247 424 1313 Gocthii
455 1251 521 1332 (qui
544 1251 663 1334 quidem
687 1250 819 1315 Persium
841 1267 902 1314 non
925 1249 1105 1336 cognouisse
1129 1245 1261 1324 ridetur,
1291 1243 1329 1306 ci.

126 1405 129 1412 .
195 1351 295 1417 licitur.
318 1371 347 1435 p.
370 1349 429 1430 62]
452 1353 552 1419 verbis
574 1355 673 1423 taust
696 1351 870 1439 utputo

304 1471 479 1528 Sutirikou:
496 1473 591 1541 „Wisrt
608 1475 656 1542 ihr,
674 1492 729 1529 war
746 1475 812 1528 mich
829 1474 927 1530 Pootuu

504 1559 562 1615 lirst
580 1563 649 1617 recht
668 1560 786 1617 criroueu
804 1557 894 1616 sollici

505 1647 585 1702 burtt
603 1649 646 1703 iub
663 1651 754 1720 singen
771 1649 823 1702 und
840 1647 927 1712 reden,

502 1737 564 1790 Wua
580 1737 699 1790 niamund
717 1737 795 1792 bbrcu
813 1735 926 1793 wullte.“

195 1839 381 1922 comprobari
403 1843 507 1923 possit
530 1871 577 1888 -·
601 1845 634 1909 v.
656 1843 686 1908 8.
709 1845 764 1908 tn
793 1840 973 1922 casauboni,
995 1841 1098 1922 licinii,
1120 1837 1233 1917 Orellii,
1254 1837 1328 1900 We·

193 1943 258 2006 bari
281 1945 450 2025 nutusque,
471 1945 593 2026 liitteri,
614 1965 695 2011 nuuc
717 1949 804 2014 ctiam
828 1948 986 2012 llermanni
1009 1952 1039 2010 ct
1059 1944 1156 2009 Jubnii
1178 1957 1330 2006 consensu

193 2049 434 2125 commendatur,
464 2050 563 2132 quod,
589 2069 679 2132 quum
709 2060 777 2135 post
804 2049 897 2115 rerba
924 2050 1011 2132 „quis
1032 2045 1114 2112 uon“
1142 2043 1331 2130 aposioposis

193 2152 347 2216 statuenda
375 2154 430 2233 sit,
462 2155 531 2218 milri
561 2155 626 2220 leue
654 2155 854 2220 necessarium
883 2154 1009 2221 videtur.
1054 2151 1140 2226 Quae
1166 2157 1255 2233 pocta
1283 2148 1331 2212 bic

192 2258 366 2337 reticuerit,
388 2258 438 2339 oui
460 2266 588 2324 mentam
612 2261 678 2344 ejus
700 2259 914 2345 cognoverint,
938 2257 1023 2322 iacile
1045 2255 1222 2340 intelligent
1246 2251 1330 2318 Gon-

189 2364 307 2447 jactura
331 2363 522 2443 aberrarunt,
550 2365 743 2446 quipoetan
761 2365 822 2447 jam
840 2363 934 2428 verba
955 2362 1014 2442 illa,
1048 2379 1124 2444 quae
1146 2379 1176 2424 u.
1200 2355 1258 2424 121
1284 2357 1333 2423 ls-

193 2475 319 2550 guntur:
350 2468 519 2547 „auriculas
548 2469 621 2534 asini
652 2469 738 2550 quis
767 2485 839 2530 non
868 2464 979 2531 tabat‘
1010 2466 1039 2530 iu
1069 2466 1168 2532 urimo
1190 2461 1333 2530 babuisse

194 2573 377 2650 existimant,
400 2589 489 2654 quum
512 2574 578 2656 ipse
600 2591 659 2636 non
683 2573 769 2654 „quis
785 2568 877 2651 non,“
899 2569 954 2636 sed
978 2569 1078 2649 „llida
1100 2566 1178 2632 rex“
1198 2566 1334 2646 scripse-

194 2677 241 2740 rit
267 2707 304 2720 -
330 2677 367 2738 V.
395 2673 444 2740 tt.
474 2677 560 2740 Nulla
582 2695 672 2742 causa
696 2684 761 2755 est,
790 2694 844 2740 cur
865 2695 931 2740 cum
953 2673 1119 2750 nonnullis,
1149 2673 1200 2754 qui
1222 2675 1332 2752 poetae

196 2779 286 2843 verba
317 2797 373 2861 pro
410 2781 474 2843 suis
503 2781 665 2844 rarioribus
700 2782 950 2862 interpretantur,
986 2779 1102 2862 leges
1137 2775 1185 2840 uel
1217 2774 1333 2857 leget

195 2881 371 2946 scribamus.
386 2883 571 2965 Participium
587 2884 743 2969 legens,
766 2884 844 2967 quod
866 2901 968 2948 omues
989 2882 1055 2946 iere
1073 2880 1160 2946 codd.
1179 2877 1332 2960 praebent,

195 2986 336 3065 Persius,
357 2986 441 3068 cujus
463 2987 608 3051 sententia
631 2995 692 3054 est:
716 2988 911 3070 „scribimus,
939 2996 971 3053 ut
993 2982 1173 3051 recitemus“
1195 2981 1331 3046 insolen-

193 3091 251 3154 tius
280 3089 415 3171 quidem,
444 3089 498 3154 sed
529 3090 635 3156 fortius
664 3110 719 3173 pro
747 3093 848 3175 partic.
884 3092 937 3158 tut.
967 3087 1139 3174 „lecturus“
1169 3104 1332 3169 usurpasse

195 3193 323 3258 videtur.
345 3195 439 3270 Quum
462 3195 562 3260 uirida
585 3204 615 3260 et
638 3214 711 3261 vara
733 3197 832 3263 stolidi
854 3198 934 3262 illius
955 3205 1064 3280 poetae
1079 3193 1250 3275 descriptio,
1272 3191 1333 3273 qui,

196 3298 265 3367 dum
297 3314 403 3364 versus
433 3298 544 3380 fundit,
575 3301 757 3366 recitationis
786 3299 974 3385 splendorem
1004 3307 1033 3362 et
1066 3300 1201 3384 plausum
1232 3294 1333 3378 populi

196 3405 292 3468 animo
320 3405 505 3488 praecipiens
535 3405 572 3469 ad
602 3407 745 3490 majorem
773 3405 919 3470 scribendi
949 3405 1130 3468 celeritatem
1157 3400 1332 3466 incenditur.

196 3508 410 3572 uttocntionen
433 3509 633 3575 colluouis
655 3510 724 3575 loco
747 3511 864 3574 minime
887 3519 984 3592 aptam
1007 3527 1087 3586 esse,
1108 3508 1243 3589 momnis
1265 3505 1331 3587 ipse

194 3621 307 3676 temere
338 3611 449 3694 leget
479 3615 648 3697 scripserit,
680 3615 781 3680 Heinr.
811 3615 964 3680 intellexit
1011 3647 1046 3658 -
1085 3612 1120 3673 V.
1150 3611 1202 3676 23.
1226 3609 1331 3673 Verbis

194 3724 284 3780 cute
305 3715 491 3798 perditus
513 3718 590 3782 illam
613 3720 700 3784 animi
723 3720 939 3799 conditionem,
969 3737 1025 3801 qur
1047 3717 1145 3782 inuut'a
1169 3715 1214 3777 vis
1236 3714 1331 3778 omnis

194 3829 333 3900 corruat,
371 3821 530 3906 significari
561 3824 707 3888 lloinricb.
742 3832 826 3888 recte
856 3823 997 3909 negavit,
1028 3840 1117 3905 quum
1147 3836 1206 3883 non
1241 3818 1331 3882 homo

195 3925 362 4008 improbus,
390 3924 445 3989 sed
472 3925 607 4007 stupidus
630 3934 661 3990 et
682 3928 804 4012 iugenio
834 3926 943 3990 obtuso
965 3924 1175 4011 intelligendus
1198 3925 1253 4001 sit,
1282 3922 1332 4006 qui

195 4027 290 4092 laudis
316 4030 371 4094 sibi
394 4028 517 4092 tributae
538 4029 676 4094 vilitatem
698 4032 749 4094 vix
771 4032 886 4112 sentiat,
918 4050 976 4096 nec
997 4031 1075 4094 illam
1091 4035 1221 4111 respuat.
1243 4027 1331 4103 Quod

195 4131 263 4196 olim
287 4135 387 4215 putavi
410 4138 501 4211 „cute
523 4133 677 4217 perditus“
708 4135 861 4217 proverbii
884 4136 981 4200 locum
1004 4136 1155 4213 obtinere,
1182 4141 1213 4196 ut
1235 4133 1333 4198 Grae·

195 4253 262 4300 cum
284 4232 316 4300 ἐν
338 4234 413 4320 χρῷ,
437 4232 542 4321 e'pnuri
564 4238 620 4311 (ci.
643 4237 690 4317 lll,
707 4238 750 4302 30
772 4258 856 4324 „ego
879 4247 909 4303 to
931 4241 1009 4302 intus
1030 4246 1060 4302 ct
1081 4240 1111 4301 in
1129 4245 1199 4302 cute
1214 4236 1334 4319 novi‘),

194 4345 327 4407 nostrum
350 4341 400 4420 „in
422 4339 477 4405 der
499 4340 575 4407 llaut
596 4341 800 4424 vardorben,“
826 4343 865 4408 ob
888 4343 964 4408 banc
993 4359 1113 4408 causam
1134 4343 1237 4426 reject.
