3162 4904
805 333 857 412 Π

263 529 377 604 ments
389 526 549 592 latiorum
561 531 693 598 tuerere
705 524 834 608 ingenuo
844 523 1003 595 lrilsrltutst
1016 525 1106 590 cmm
1121 524 1216 606 prins
1226 523 1399 607 etreliqua·

263 651 332 697 rum
343 633 498 696 sennarum
509 631 570 694 loci
582 630 713 694 nonnulli
723 630 774 706 (ef.
789 629 824 708 ll,
840 629 882 696 30
896 647 962 711 sqq.
977 629 1034 708 tlt,
1044 631 1106 692 init
1118 629 1176 710 Vl,
1191 628 1233 694 33
1245 633 1329 712 sqq.)
1339 647 1399 694 en·

264 731 390 800 osllnntl
414 735 551 800 Ceterum
566 752 618 798 rer
639 733 775 802 ridiculos
789 741 821 797 et
829 733 950 816 jocosos
965 732 1171 813 recommisit,
1185 736 1399 816 quumrm'nnus

262 843 337 924 cion
347 841 499 904 atrocitate
513 847 680 921 temporum
695 838 963 920 depressus,nimio
972 837 1078 902 dolore
1091 839 1399 905 commonuerunt

260 953 305 1010 tm
328 963 363 1007 uc
382 945 522 1026 gravitas,
538 943 630 1025 quetis
645 943 675 1005 in
687 943 778 1006 Persii
795 943 891 1006 sntiris
907 943 1097 1024 conspicitur,
1109 961 1166 1006 neo
1177 943 1268 1008 truie
1283 943 1331 1006 ille
1345 959 1401 1008 neo

262 1049 345 1128 duro,
366 1050 520 1112 satirarum
540 1049 714 1128 scriptorem
738 1047 825 1110 decet
846 1063 902 1110 neo
925 1065 1025 1110 versm
1044 1047 1214 1129 justamque
1227 1046 1401 1126 condiderit,

263 1151 320 1216 nisi
343 1154 392 1233 qui
408 1152 525 1216 virtutis
538 1152 634 1214 studio
649 1152 789 1214 incensus
806 1169 872 1214 eum
894 1151 1020 1231 medam
1040 1150 1243 1234 indipnrtione
1257 1152 1288 1214 in
1310 1167 1401 1233 prora

264 1256 359 1318 omnia
382 1263 413 1318 at
434 1273 578 1337 perversa
600 1255 764 1319 invehatur.
786 1255 934 1320 Summum
956 1256 1120 1320 honentatis
1143 1263 1173 1318 et
1195 1255 1311 1318 virtutis
1332 1261 1401 1318 sun·

265 1357 355 1438 dinco,
377 1359 524 1422 fervidum
547 1378 639 1422 verae
662 1377 696 1422 ae
716 1359 852 1424 sincerae
874 1359 1084 1444 indignationis
1100 1359 1251 1438 ardorem,
1274 1359 1400 1422 animum

262 1463 422 1528 Romanum
445 1463 606 1545 simplicem
636 1471 666 1526 et
694 1464 896 1545 incorruptum
925 1481 1011 1526 nemo
1038 1465 1067 1527 in
1096 1465 1199 1528 Persio
1221 1481 1280 1526 uon
1303 1468 1401 1545 potest

264 1585 441 1652 agnuscere.
463 1567 528 1630 lloo
549 1584 638 1630 unum
661 1567 812 1646 dolemus,
843 1567 924 1648 quod
946 1575 1042 1630 morte
1068 1575 1252 1649 pruesnntnrn
1279 1567 1400 1632 admun-

262 1679 330 1754 ptus
351 1673 439 1736 ndum
458 1680 489 1736 et
506 1671 603 1736 studio
623 1671 768 1735 homiuum
791 1689 850 1734 non
872 1672 943 1736 satis
965 1691 1022 1752 usn
1044 1689 1137 1737 nosse
1158 1671 1262 1754 potuit,
1284 1669 1340 1735 red
1362 1685 1401 1732 eo

264 1777 359 1860 magis
382 1776 461 1840 illum
484 1777 570 1840 animi
586 1777 724 1858 impetum
746 1775 883 1841 admirari
900 1775 1056 1857 debemus,
1078 1793 1139 1858 qno
1155 1775 1302 1854 mentun
1323 1791 1401 1857 quse

261 1880 416 1946 multorum
439 1899 537 1945 rerum
561 1897 647 1944 usum
669 1881 809 1963 postulet,
830 1883 948 1946 satiram
967 1881 1142 1946 adolescens
1163 1879 1258 1964 attigit
1278 1896 1337 1944 nec
1357 1878 1400 1942 ui-

260 1991 320 2050 tam
342 1984 473 2049 desidem
496 1991 526 2048 et
555 1985 683 2066 quletum
713 1983 827 2070 degere
848 1985 959 2065 voluit,
981 1985 1072 2066 „dnm
1094 1993 1230 2068 patruum
1252 1979 1400 2066 saperet-‘³

261 2087 310 2169 (t,
333 2083 399 2162 tl.)

788 2349 820 2419 S·
842 2347 874 2411 l.

350 2504 463 2583 Satiris,
485 2523 561 2585 ques
592 2505 703 2586 primas
734 2503 892 2586 scripsisse
921 2502 1054 2583 ridetur,
1084 2503 1232 2585 quinque,
1262 2521 1339 2585 uuus
1361 2519 1400 2568 en

264 2615 370 2672 nostro
393 2608 497 2672 ordine
518 2617 690 2690 postremos
712 2608 865 2691 leguntur,
887 2615 1047 2690 praecepto
1070 2607 1211 2688 quosdam
1233 2608 1399 2672 &uiuorum

263 2713 436 2789 illustravit,
465 2730 569 2776 verum
600 2731 661 2776 non
683 2714 740 2791 ito,
770 2713 854 2775 utin
882 2711 991 2774 scholis
1020 2711 1068 2775 illa
1097 2713 1217 2776 tractari
1247 2711 1400 2790 didicens,

264 2835 342 2898 quae
363 2817 477 2896 delinit,
500 2819 585 2909 cujus
607 2817 647 2880 dc
671 2817 775 2888 Persio
796 2816 900 2880 merita
924 2823 1056 2880 ceterum
1079 2817 1183 2880 summi
1207 2816 1304 2895 lado,
1326 2833 1399 2878 sen·

263 2922 352 2984 lentie
375 2929 430 2984 ert.
460 2921 575 2995 Quodsi
597 2922 690 2985 Persii
720 2922 824 2984 satiras
846 2939 912 2984 cum
935 2919 992 2984 illis
1022 2921 1176 3001 utriusque
1204 2921 1339 2985 Sonecee
1360 2919 1400 2982 li·

264 3026 326 3089 bris
348 3043 572 3106 comparamus,
602 3026 776 3108 permultum
799 3025 903 3088 hercle
931 3025 1009 3088 inter
1030 3025 1121 3106 petris
1151 3043 1244 3106 saepe
1264 3024 1399 3088 indiculus

262 3131 486 3194 connoverstns
510 3137 539 3192 et
561 3131 725 3208 suasorias,
747 3129 796 3192 lilii
812 3128 1035 3210 disputationes,
1055 3127 1203 3191 interdum
1225 3128 1400 3212 ingeniosus

267 3233 444 3316 plerumque
466 3232 562 3295 aridas
584 3241 674 3313 atque
692 3233 826 3314 jejunas,
847 3239 878 3294 et
899 3232 992 3297 Persii
1014 3234 1120 3296 satiras
1142 3233 1290 3296 iuteresse
1310 3231 1401 3296 vide·

265 3357 339 3401 mus.
362 3338 448 3418 Apud
470 3335 537 3400 illos
561 3339 655 3399 omnia
678 3355 696 3400 e
718 3337 820 3400 schola
843 3335 995 3418 prolecto,
1018 3337 1082 3400 sine
1105 3337 1252 3420 sauguine
1273 3343 1304 3400 et
1326 3353 1400 3400 ner·

264 3445 320 3520 vis,
343 3461 360 3504 a
383 3442 496 3520 Persio,
519 3441 694 3523 simulatque
717 3459 755 3504 ex
776 3440 897 3506 scholae
917 3440 1043 3506 vinculis
1067 3439 1180 3524 elingit,
1201 3459 1273 3504 uero
1293 3459 1330 3504 ac
1351 3439 1401 3502 ui-

264 3546 332 3609 uidn
355 3547 433 3608 vitae
455 3546 553 3629 imago
576 3547 755 3628 exprimitur.
779 3547 923 3612 Senecam
940 3546 1145 3628 philosophum
1168 3563 1258 3625 „sero
1281 3563 1400 3630 cogno·

266 3651 322 3727 uit,
352 3649 405 3712 sed
436 3665 496 3713 non
519 3658 550 3714 ut
572 3659 732 3733 caperetur
754 3651 819 3734 ejus
841 3649 1001 3733 ingenio,“
1029 3651 1110 3733 quod
1139 3669 1273 3735 magnato
1297 3657 1328 3716 et
1348 3651 1399 3714 in-

264 3761 434 3836 corruptam
455 3754 556 3838 judieii
584 3757 736 3819 sanitatem
766 3757 795 3818 in
826 3754 1020 3819 adolescente
1049 3757 1166 3821 Stoicae
1196 3755 1400 3840 philosophiae

261 3858 363 3922 dedito
392 3858 556 3923 ostendere
579 3860 762 3924 llermnnnos
792 3860 901 3942 (praei.
924 3860 987 3924 edit
1016 3861 1046 3923 Ρ.
1068 3879 1099 3944 p.
1122 3859 1211 3934 Vlll.)
1235 3861 1309 3924 reite
1331 3859 1399 3924 ani-

264 3963 428 4026 madvcstit

351 4066 447 4132 Sotira
469 4068 577 4150 prima,
600 4087 686 4151 quam
710 4070 842 4148 temus,
872 4087 961 4150 quum
991 4090 1031 4149 „a
1060 4069 1163 4133 schole
1192 4077 1221 4132 et
1251 4069 1399 4154 nugifluis

264 4170 467 4251 divertisset,“
488 4174 645 4255 scripsisse
666 4174 797 4254 videtur,
819 4183 877 4238 tom
899 4174 1050 4256 perlecta,
1072 4182 1129 4236 tum
1152 4173 1190 4236 nd
1213 4193 1317 4238 verum
1339 4193 1399 4240 en.

261 4291 369 4360 presse
392 4283 451 4356 est,
473 4284 518 4340 tot
539 4278 649 4360 ingenii
681 4277 836 4342 luminibus
862 4279 997 4342 distincte
1028 4286 1059 4342 et
1092 4277 1264 4342 lneetiurum
1293 4279 1399 4363 lepore
1461 4363 1470 4394 h
