3162 4904
817 351 870 434 tt

273 541 343 624 (ln,
364 541 483 622 ttetm.
505 541 557 610 alii
574 541 743 626 neglectus
768 541 924 610 laomen
946 539 1115 612 tinnitor
1143 549 1226 613 reeta
1246 561 1286 610 ae
1305 538 1408 614 menta

271 653 461 718 resumtum.
492 644 636 714 linior
657 653 699 716 ut
720 645 864 714 venabulo
887 652 1015 736 etpost
1037 663 1064 714 s.
1088 645 1207 716 tuetur
1221 646 1410 729 interposite

272 759 305 822 et
325 748 503 832 eonupenriio
523 749 675 820 aurirendi
697 768 756 820 nun
780 749 930 816 iutelleoto
952 757 1048 820 ortam
1072 769 1142 820 esse
1163 751 1289 820 videtur.
1311 749 1410 816 Venire

272 855 512 938 „torpescit
543 855 636 922 vitrea
673 853 756 937 hilisr
792 852 980 920 lindit1r“
1017 855 1184 926 certissimo
1213 857 1262 924 uni
1299 861 1411 924 tmtun

272 957 581 1028 tenerenturne
611 959 746 1038 separari
776 962 872 1043 (teng.
908 990 947 1008 -·-
978 958 1074 1028 tneor
1103 962 1150 1034 ut)
1180 967 1323 1040 possunt,
1355 957 1410 1027 nid

274 1064 380 1134 mirera
408 1064 485 1126 inter
515 1061 591 1129 duos
622 1061 782 1129 verborum
813 1079 994 1132 eonsensum
1023 1070 1140 1128 statues.
1179 1062 1410 1131 adolescentem

272 1169 313 1238 ita
340 1166 438 1238 lese
466 1165 547 1246 loqui
573 1183 634 1232 nnn
663 1167 795 1248 potuisse
817 1169 917 1232 ttern.
946 1175 1032 1235 rator
1055 1167 1142 1240 (Rem
1167 1186 1195 1231 r.
1219 1167 1310 1235 Pium.
1333 1165 1411 1248 otte.

273 1270 453 1362 Sohulueitg.
477 1267 560 1342 1833
583 1269 737 1348 „linior
759 1281 800 1334 ut
819 1274 856 1338 ist
877 1271 978 1337 aloem
1001 1289 1030 1342 u.
1053 1270 1284 1354 nsyetotogisch
1306 1269 1411 1348 fuissit,

273 1376 342 1452 elue
357 1373 653 1457 selbstbetruolrtunp
673 1375 734 1440 und
756 1377 833 1445 lrolte
851 1376 1076 1462 Oblootivirung
1096 1373 1306 1459 unuulissig“)
1327 1382 1411 1446 reete

273 1485 483 1561 perspexerat
517 1476 589 1543 tun
621 1480 671 1544 vix
701 1479 844 1560 quisptam
875 1479 977 1548 Latine
1006 1478 1146 1558 „lindor“
1177 1479 1299 1556 dixerit,
1326 1485 1410 1545 route

272 1583 412 1654 ilerutins
441 1588 496 1648 sat.
520 1579 546 1658 l,
567 1580 606 1659 ³,
638 1580 699 1646 136
730 1582 906 1666 „lituupenis
934 1591 965 1646 et
986 1580 1112 1662 latnas.“
1145 1591 1227 1650 reete
1256 1583 1304 1654 ille
1331 1581 1411 1665 spuo

273 1687 422 1765 Pholoen,
444 1685 551 1754 Bucen.
574 1684 608 1764 ll,
631 1685 661 1765 3,
685 1686 725 1751 tn
857 1762 858 1765 Ἴ

483 1822 555 1887 „lieu
574 1835 619 1874 σοι·
635 1833 718 1875 ineunt
738 1829 765 1875 ot
783 1823 914 1876 oerelrum
933 1823 1057 1879 llieobule
1075 1821 1204 1880 finditur.“

274 1941 416 2011 liuutlralll
446 1946 614 2028 conjectura
645 1945 829 2011 lindimur
858 1946 963 2011 iisdem
994 1945 1117 2029 aliisque
1146 1945 1269 2029 insuper
1299 1943 1353 2019 (ol.
1382 1963 1412 2007 r.

277 2047 327 2130 12,
353 2047 409 2126 ii)
431 2051 625 2113 incommodis
648 2047 770 2114 laboret.
805 2051 930 2116 Omnino
953 2051 1030 2116 haud
1052 2053 1161 2135 placet,
1188 2055 1295 2134 poetae
1315 2047 1412 2112 verba

275 2155 321 2230 (ιι.
352 2153 476 2228 8-15]
510 2169 587 2217 voee
616 2149 662 2216 ille
700 2150 835 2238 solivaga
871 2155 1058 2238 interrumpi,
1095 2169 1194 2240 aequo
1230 2147 1412 2237 negligenda

274 2257 370 2322 Persii
391 2271 441 2322 ars
464 2259 520 2337 est,
542 2275 611 2339 qua,
633 2255 702 2320 dum
725 2258 861 2343 dialogus
884 2277 917 2322 re
940 2259 1003 2342 ipsa
1018 2259 1250 2340 interrumpitur,
1272 2255 1307 2319 ad
1328 2255 1414 2319 vert-

274 2369 367 2426 tateno
394 2362 538 2424 rationem
564 2370 687 2426 revooet
716 2371 747 2426 et
776 2363 914 2426 nonnulla
942 2381 1045 2427 seeum
1072 2370 1289 2428 commentatur
1311 2359 1367 2435 (cl.
1391 2356 1414 2438 l,

274 2463 318 2557 ,56
341 2469 434 2547 ειμι).
463 2465 593 2532 Tendere
616 2466 793 2530 ooalescens
812 2467 879 2548 ille,
911 2469 959 2535 oui
982 2466 1157 2558 ‚pulchrum
1179 2466 1291 2531 eratin
1314 2462 1414 2528 uredi-

155 2646 160 2659 ·
275 2587 325 2642 unu
347 2569 424 2639 diem
444 2567 605 2649 dormire,“
626 2570 662 2635 ad
685 2571 783 2640 studia
804 2574 908 2656 serpit
934 2604 971 2617 —
997 2573 1031 2638 ll.
1056 2570 1240 2641 toaornnes
1261 2571 1412 2652 interpro-

273 2681 320 2754 ,tes
348 2681 471 2758 prester
494 2674 632 2746 Plumiutu
662 2682 692 2742 at
715 2675 905 2742 onebnerurn
928 2675 968 2739 ilii
994 2677 1202 2742 assentientem
1225 2673 1318 2743 verlta
1346 2691 1411 2756 po·
1550 2705 1551 2712 ι

274 2777 366 2848 sitis
390 2777 551 2862 oapillie
574 2778 612 2848 te
634 2780 803 2848 membrano
833 2781 948 2864 pumioe
970 2779 1097 2866 lenigata
1126 2779 1309 2864 interpretati
1331 2785 1410 2848 suut.

271 2882 335 2952 teor
355 2901 415 2948 non
444 2883 532 2952 modo
561 2885 726 2964 sententia,
756 2886 835 2967 quod
858 2887 1030 2968 primarium
1056 2894 1119 2964 est,
1147 2884 1309 2952 eommunis
1331 2898 1410 2963 quo·

272 3006 331 3069 que
354 2986 515 3060 verborum
539 3007 610 3056 ustus
633 2989 673 3054 illi
695 2991 930 3074 interpretationi
951 2991 1122 3057 reluctetur.
1147 2988 1207 3057 cur
1229 2988 1305 3071 pilos
1328 3004 1410 3052 rasos

270 3108 452 3172 memorare,
488 3109 576 3172 quum
614 3092 680 3158 talis
715 3094 883 3160 membrana
919 3115 974 3178 per
1002 3115 1037 3162 se
1072 3092 1251 3178 intelligetur
1287 3100 1318 3156 et
1346 3108 1410 3159 voe.

267 3195 427 3267 bieolor
465 3197 599 3276 poeticae
640 3195 829 3280 descriptioni
864 3199 1010 3266 sufficiat?
1047 3199 1132 3268 Jahn.
1170 3216 1261 3265 unum
1302 3203 1409 3262 tantun

268 3297 366 3367 loeuur
395 3299 524 3380 reperit,
558 3299 607 3365 ubi
636 3300 685 3382 pili
715 3302 813 3383 eupilli
843 3304 1043 3381 nominantem
1072 3311 1102 3370 at
1130 3303 1169 3366 ibi
1195 3303 1254 3384 J'am
1284 3300 1320 3364 de
1345 3299 1410 3366 ani·
1548 3313 1549 3324 ι

270 3403 394 3472 malibus
416 3420 518 3474 sermo
539 3402 651 3484 luerat,
674 3413 705 3469 ut
728 3405 853 3472 dubitari
874 3425 933 3470 aon
955 3416 1068 3490 posset.
1094 3408 1166 3472 'lum
1194 3422 1269 3468 uero
1295 3401 1410 3488 „eapi-

271 3507 319 3582 ips
349 3507 482 3591 ponere“
512 3526 634 3600 semper
668 3509 706 3574 de
736 3509 792 3576 illis
822 3511 978 3594 peetendis
1010 3517 1041 3576 et
1070 3510 1236 3579 calamistro
1274 3506 1412 3576 ornemiis

272 3621 441 3698 usurpetur.
473 3611 566 3686 Οιιιιη
596 3615 722 3700 egregie
738 3616 800 3698 jem
830 3615 877 3680 illa
906 3616 1123 3681 adolescentem
1151 3613 1331 3682 desidiosum
1353 3609 1412 3676 de·

273 3723 357 3794 eent,
387 3717 437 3797 qni
461 3725 591 3782 nostrum
614 3727 696 3798 „eust
718 3719 827 3799 triste,
856 3719 936 3784 deun
965 3718 1092 3793 snott‘
1116 3718 1263 3804 probasse
1285 3715 1412 3787 nitetur.

272 3816 386 3898 Unum,
415 3820 494 3901 qnod
517 3822 603 3886 nobis
626 3823 713 3904 objici
736 3825 844 3904 possit,
873 3824 1032 3889 verborum
1055 3825 1132 3890 ordo
1155 3832 1201 3888 est
1222 3823 1358 3888 insolitus
1381 3827 1413 3884 et

272 3922 448 4004 affectatior,
472 3923 526 3988 sed
549 3925 586 3988 ol.
609 3927 693 3993 Pers.
717 3927 752 4006 V,
777 3927 840 3992 ll0

444 4058 519 4124 „Jem
538 4063 624 4129 puerit
641 4064 734 4131 pellem
753 4063 898 4118 snoolaotus
911 4071 939 4120 el
955 4065 1129 4136 oenophorum
1148 4064 1246 4134 apter.“

271 4180 466 4262 timisa-1,
492 4181 541 4264 10,
566 4181 622 4252 ter

470 4302 529 4368 „Nil
546 4311 647 4372 littei&
665 4301 768 4361 Odeum
787 4309 815 4362 σι’
831 4306 920 4366 doetus
936 4313 1043 4366 caetere
1059 4307 1211 4366 Μίνω·

1539 4679 1545 4902 l
