3162 4904
740 345 781 423 θ,

190 538 324 602 musicae
346 535 439 600 stutlls
462 536 730 621 exagitavit,·post
751 537 884 620 ipsorum
905 544 1030 601 mamam
1053 537 1236 620 oonsoripslt
1259 536 1329 601 llari

192 640 349 706 admodum
380 641 459 723 apud
483 641 616 704 Persium
648 640 706 704 loci
737 651 820 722 sunt,
853 642 962 723 quibus
993 642 1129 706 homines
1164 641 1328 704 nominatim

192 746 408 829 oorripiuntur,
437 753 471 809 ut
492 743 521 824 l,
548 744 591 808 85
620 744 728 810 Pedius
759 746 884 826 Orator,
914 745 956 823 ΙΙ,
986 747 1026 810 72
1056 745 1221 809 »Messalae
1250 745 1330 827 lippa

193 867 355 934 propagat
380 850 416 929 v,
438 849 459 912 9
482 848 576 930 Glyoo
598 849 776 933 tragoedus,
809 849 857 930 vt,
879 851 920 913 ll
944 867 1009 932 sqq.
1034 848 1181 932 Caligula,
1216 849 1329 912 ridiuu-

191 952 250 1016 lum
282 953 319 1016 da
342 954 496 1018 Germams
519 953 695 1034 triumphum
726 971 847 1035 parans3
877 954 1024 1018 Neronem
1057 955 1152 1036 ipsum
1182 971 1242 1016 non
1270 970 1329 1015 uo-

191 1059 329 1122 minatum
358 1059 432 1121 louis
464 1056 637 1138 quibusdam
668 1058 779 1122 satirae
808 1060 918 1141 primae
948 1066 978 1121 et
1001 1065 1123 1140 quartae
1151 1056 1332 1140 reprehendi

191 1170 278 1244 patet
308 1163 382 1227 Aliis
412 1179 533 1243 quoqne
562 1161 635 1225 louis
666 1161 710 1240 (l,
739 1161 779 1226 13
803 1181 868 1244 sqq.
896 1160 938 1226 30
961 1180 1025 1244 sqq.
1050 1162 1092 1226 70
1114 1181 1176 1243 sqq.
1200 1157 1241 1226 92
1265 1178 1332 1243 sqq.

194 1263 254 1331 127
278 1285 342 1348 sqq.
366 1265 414 1344 tv,
437 1265 478 1329 25
501 1282 566 1346 sqq.
590 1265 626 1344 V,
649 1266 752 1340 2-9)
781 1267 916 1331 homines
951 1285 1011 1329 non
1033 1265 1173 1330 nominati
1204 1266 1243 1328 ita
1274 1264 1330 1327 da·

191 1370 378 1448 auribuutur,
410 1377 458 1448 ut,
482 1386 557 1450 quos
580 1378 669 1452 poeta
692 1379 860 1452 spectaret,
884 1389 987 1434 omnes
1010 1371 1219 1455 intelligerent.
1243 1371 1331 1433 Pror-

192 1491 243 1538 sus
265 1473 357 1536 inutili
387 1491 460 1537 vero
491 1473 592 1537 studio
622 1475 679 1537 viri
710 1475 826 1556 quidam
855 1475 934 1539 docti
964 1475 1037 1538 alios
1059 1474 1214 1553 homines,
1244 1473 1330 1537 nobis

192 1597 231 1641 ex
258 1578 375 1642 illorum
404 1585 570 1660 temporum
599 1578 721 1642 historie
752 1587 858 1659 notos,
889 1580 1119 1662 inquisiverunt,
1148 1579 1226 1640 inter
1254 1594 1330 1659 quoa

192 1681 378 1746 Lehmannus
398 1683 490 1746 Persii
521 1683 626 1746 satiras
656 1683 712 1746 illis
744 1685 904 1764 poematis,
935 1700 1012 1763 qnae
1044 1700 1060 1745 a
1094 1682 1180 1746 nobis
1212 1679 1331 1762 politiae

192 1786 398 1868 appellantur,
427 1786 578 1850 ascribere
611 1803 670 1849 nou
706 1787 858 1852 dubitavit.
902 1784 953 1850 llle
987 1786 1083 1851 omnia
1112 1785 1178 1848 fera
1207 1785 1331 1866 ipsaque

191 1889 270 1954 leuia
299 1909 335 1954 ao
367 1891 476 1954 minuta
507 1890 543 1953 ad
572 1890 655 1952 viros
677 1891 727 1954 vel
748 1891 778 1954 in
801 1909 835 1954 re
857 1891 973 1972 publiea
997 1890 1045 1953 vel
1073 1890 1102 1952 in
1125 1888 1219 1953 literis
1254 1906 1331 1952 aon-

191 1995 310 2076 spieuos
331 1994 442 2071 retulit,
464 1993 544 2076 quod
567 1996 750 2078 argumentis
773 1996 844 2060 satis
867 1997 989 2059 incertis
1014 1993 1241 2058 confirmaturus
1264 2000 1331 2057 stu·-

192 2097 243 2161 tlio
277 2105 308 2162 et
338 2097 470 2162 doctrina
499 2098 618 2163 mirifico
651 2099 761 2163 abusus
789 2107 845 2164 est.
878 2100 1056 2167 Sententiam
1087 2097 1330 2180 disputationibus

194 2201 233 2266 ria
255 2210 309 2265 sat.
325 2202 345 2264 l.
362 2201 396 2267 ll.
413 2203 449 2265 v.
472 2220 569 2284 nuper
591 2204 678 2268 editis
701 2203 820 2280 (Philol.
844 2205 875 2284 6,
898 2203 928 2268 ³.
951 2202 1065 2267 Ztsobr.
1086 2202 1109 2266 l.
1125 2201 1329 2266 Althwissseb.

194 2301 287 2370 1852.
306 2306 362 2370 No.
379 2306 429 2372 25.
448 2304 551 2392 Progr.
572 2327 672 2392 gymu.
691 2304 860 2393 Gryphisw.
884 2327 909 2370 a.
928 2305 1029 2382 1855)
1052 2307 1123 2372 viris
1145 2306 1239 2370 doutis
1256 2324 1331 2389 pro-

192 2410 265 2474 bare
286 2409 413 2491 studuit,
444 2411 499 2476 sed
522 2431 635 2495 pauoos
658 2421 769 2479 tantum
800 2413 847 2477 vel
869 2414 1015 2477 neminem
1040 2420 1110 2494 puto
1135 2429 1173 2474 eo
1195 2409 1330 2490 deduxit,

193 2523 226 2579 ut
246 2515 350 2580 talibus
381 2518 489 2601 »nugis
517 2517 635 2600 pondus
665 2519 837 2583 adderent«
869 2519 906 2582 Ut
934 2537 1024 2582 unum
1052 2525 1161 2581 tantum
1184 2533 1332 2592 moneam,

193 2621 219 2684 si
240 2619 360 2682 Persius
389 2637 425 2684 re
455 2639 527 2684 vora
549 2623 713 2701 Neronem,
742 2624 910 2706 Poppaeam
938 2623 1013 2686 alios
1035 2622 1074 2684 ita
1100 2621 1270 2698 denotavit,
1299 2627 1331 2682 ut

193 2739 297 2786 omues
319 2723 528 2806 intelligerent,
550 2726 631 2790 Nero
654 2729 719 2810 ipse
741 2729 843 2809 illique
866 2727 913 2790 alii
935 2745 994 2790 non
1009 2723 1192 2788 intellexisse
1210 2723 1331 2805 putandi

194 2827 286 2890 snut?
307 2826 401 2890 Reate
422 2829 584 2912 Koenigius
608 2835 652 2911 (p.
674 2831 717 2895 22
741 2831 804 2900 ed.)
827 2831 910 2908 illos,
933 2831 982 2911 qui
1006 2829 1136 2894 Persium
1161 2829 1331 2892 obscuritati

194 2927 344 2993 maduisse
362 2929 523 3007 affirmant,
542 2941 575 2994 ut
597 2932 743 2998 delatores
767 2933 935 3016 effugeret,
956 2931 1081 2996 ridicule
1099 2932 1233 3014 judicare
1250 2931 1331 3011 dixit,

193 3053 229 3096 au
250 3034 276 3097 ai
297 3050 356 3097 non
378 3035 442 3098 istis
463 3037 647 3118 temporibus
670 3037 721 3100 vel
742 3038 891 3102 levissima
913 3037 1045 3118 suspioio
1076 3037 1135 3098 vim
1158 3037 1249 3116 ipsius
1272 3035 1329 3099 tle·

101 3173 103 3180 ·
194 3136 253 3202 liuti
275 3138 448 3219 habuisset,
464 3140 558 3214 Quum
588 3143 675 3206 satira
698 3159 759 3206 non
781 3142 888 3226 vulgus
910 3131 1074 3219 bominum,
1103 3141 1157 3204 sed
1180 3140 1248 3203 illos
1270 3157 1330 3221 po·

192 3243 335 3306 tissimum
358 3244 538 3323 iuseotetur,
566 3246 618 3327 *qui
645 3246 696 3310 rel
717 3246 858 3330 dignitato
884 3245 933 3308 vet
955 3245 1106 3328 opulentia
1127 3245 1177 3307 rel
1199 3244 1330 3309 doctriua

190 3347 320 3410 omnium
350 3349 442 3411 instar
476 3365 547 3412 osae
585 3350 738 3431 videntur,
774 3351 876 3415 Persio
904 3348 974 3413 illud
1008 3349 1081 3412 vitio
1113 3357 1263 3414 vertamus
1293 3349 1330 3412 ad

193 3449 276 3533 quod
306 3468 361 3533 pro
391 3453 545 3534 iniquitute
576 3472 678 3519 rorum
711 3474 746 3518 ao
783 3463 949 3536 temporum
979 3460 1101 3516 coaetus
1131 3453 1221 3516 erat?
1266 3452 1332 3534 lpse

195 3573 295 3620 veram
318 3556 404 3618 animi
426 3559 603 3622 sententiam
632 3560 748 3642 aperire
769 3559 826 3624 sibi
848 3577 906 3622 non
930 3559 1023 3622 liuere
1044 3575 1130 3638 qnam
1161 3556 1270 3620 uuerbe
1302 3564 1333 3622 et

194 3661 327 3744 meeber
350 3659 370 3738 l,
397 3657 457 3724 119
481 3659 628 3742 queritur!

283 3763 340 3836 Oui
363 3764 401 3827 ob
421 3763 498 3828 illam
522 3784 638 3830 oausam
655 3768 748 3832 Persii
765 3769 869 3831 satiras
886 3771 1077 3829 contemnunt
1099 3773 1130 3828 et
1152 3764 1331 3846 disputatio-

196 3885 252 3932 nes
276 3885 294 3930 e
315 3867 437 3932 subolae
453 3867 563 3933 umbris
585 3878 758 3955 prognatus,
780 3870 925 3953 sanguine
949 3877 978 3934 et
1001 3869 1101 3931 nerms
1118 3876 1253 3931 carentes
1276 3886 1332 3948 ap·-

197 3971 315 4051 pellant,
336 3973 464 4052 iniquius
483 3972 616 4054 jndicare
643 3976 712 4039 mihi
734 3974 890 4053 videntur,
920 3982 1067 4054 tamquam
1090 3971 1190 4035 nullae
1212 3972 1330 4035 omnino

197 4075 306 4138 satirae
328 4076 417 4139 soribi
430 4077 558 4158 possint,
582 4095 726 4158 quaeres
749 4079 986 4142 contumeliosas
1001 4085 1032 4141 et
1046 4077 1171 4159 insignis
1193 4076 1329 4140 infamiae

189 4195 257 4240 ‚non
288 4180 463 4243 uontimant
509 4180 664 4244 corbario
694 4183 766 4246 vitio
796 4183 908 4247 multas
930 4183 1038 4246 satirae
1070 4181 1227 4253 laborant,
1258 4199 1332 4262 quae

189 4281 274 4359 ¹nulla
304 4283 470 4355 urbanitate
503 4285 650 4373 mitigatae
673 4303 708 4350 uu
726 4293 908 4370 temperatae
925 4285 1062 4370 omnique
1085 4284 1193 4351 virtute
1216 4284 1332 4371 puotiua
