3162 4904
139 2365 143 2374 “
271 2364 359 2444 ιιιιιι“
382 2369 553 2452 conjunxit,
575 2370 676 2454 quod,
699 2373 754 2436 nisi
776 2390 812 2438 re
834 2372 916 2456 ipsa,
941 2373 1002 2455 jam
1025 2390 1152 2438 caesura
1175 2371 1329 2438 refellitur.
1352 2371 1409 2436 Aba

588 739 591 748 ι
688 693 836 784 lettre
859 721 1000 787 sexte.

356 906 494 972 Nonnulli
529 907 619 992 hujus
649 911 776 989 ssime,
812 928 871 994 qua
899 927 1030 994 „pareus
1060 912 1100 976 ob
1137 913 1258 982 lreredis
1284 912 1408 983 curam‘t
1535 895 1542 908 ⁸

272 1012 360 1090 (lior.
384 1030 453 1096 epp.
475 1010 498 1092 l,
519 1013 552 1093 5,
575 1011 629 1085 13)
653 1015 762 1079 acerbe
782 1013 953 1100 castigatur,
975 1016 1033 1083 loci
1056 1024 1115 1082 ιιιιι
1130 1016 1262 1084 ιιίιιιιιι
1281 1027 1351 1084 sunt
1370 1018 1408 1084 ud

264 1115 490 1200 explicandum,
512 1124 544 1179 ut
564 1117 744 1200 interpretes
767 1119 795 1183 in
819 1119 875 1186 illis
897 1121 1001 1185 mirum
1022 1121 1185 1188 immodum
1198 1122 1410 1202 laboraverint,

273 1239 331 1284 nec
359 1237 434 1286 vero
465 1222 562 1286 omnia
593 1221 811 1304 expediverint
857 1224 968 1290 Omnes
995 1226 1024 1288 iu
1053 1227 1216 1292 contraries
1245 1228 1409 1296 sententiaa

273 1322 484 1404 distrahuntur,
506 1333 538 1391 ut
564 1327 614 1390 vix
636 1329 791 1412 quisquam
813 1331 998 1413 reperiatur,
1026 1331 1077 1414 qui
1098 1349 1165 1396 cum
1180 1331 1310 1414 ‘reliquis
1332 1349 1409 1404 con,-

270 1427 388 1518 sentiet
432 1428 533 1504 Quare
568 1448 634 1497 cum
656 1430 697 1495 illi
727 1433 795 1500 milri
826 1451 886 1497 non
908 1435 988 1500 omui
1017 1453 1056 1500 ex
1086 1443 1171 1517 purte
1203 1435 1410 1516 masteceriut,

273 1529 341 1622 dum
370 1551 438 1596 meo
470 1533 578 1616 judicio
600 1542 670 1599 utor
697 1537 814 1622 integre
837 1545 868 1602 et
890 1538 1078 1620 incorrupto,
1106 1557 1183 1620 quae
1212 1558 1284 1604 vera
1306 1539 1409 1618 Persii,

270 1653 332 1702 uon
353 1636 546 1719 interpretum
569 1657 655 1704 meus
677 1639 782 1717 luerit,
807 1640 963 1726 diligenter
985 1641 1133 1724 quaesivi,
1164 1659 1226 1725 quo
1247 1662 1317 1708 nuru
1339 1642 1409 1726 quld

270 1740 461 1824 profecerim,
483 1742 639 1809 ductorum
661 1744 699 1810 sit
721 1745 910 1814 existimatio.
1154 1829 1156 1834 ι

269 1901 273 1910 ,
358 1845 460 1910 Statim
490 1865 520 1909 ι.
547 1844 566 1909 3
599 1846 815 1912 difficultatibus
848 1848 1019 1914 obstructus
1048 1857 1111 1931 est,
1143 1867 1223 1932 quoe
1250 1851 1407 1924 vocabulis

272 1951 388 2040 mutatis
410 1968 470 2014 nou
491 1950 702 2036 infringuntur.
739 1951 866 2018 Primum
899 1953 1107 2019 Lucretianum
1129 1954 1198 2020 illud
1226 1955 1409 2038 „primordia

270 2051 430 2134 acrum“,
451 2055 531 2138 quod
553 2055 635 2136 Csb,
656 2057 767 2137 lleinr,
788 2057 836 2122 alii
857 2066 1089 2141 proposuerunt,
1118 2059 1253 2142 plerique
1277 2059 1409 2126 editores

270 2157 339 2243 jure
362 2157 541 2238 reiecerunt.
564 2159 658 2226 Orell.
681 2180 770 2247 quum
793 2162 898 2246 „prim
920 2159 1040 2229 rerum“
1062 2172 1147 2228 recte
1170 2163 1236 2244 dici,
1259 2182 1319 2228 noa
1339 2165 1409 2228 item

271 2270 426 2342 „veterum
448 2265 532 2346 prim.
554 2264 677 2330 rerum“
700 2268 873 2348 monuisset,
902 2267 1007 2332 lleinr.
1030 2268 1123 2334 rerba
1145 2269 1298 2348 „numeris
1319 2273 1409 2332 rete·

271 2479 351 2552 „vet
375 2473 458 2555 prim.
480 2471 610 2538 vocum“
641 2475 680 2540 ite
703 2482 774 2540 sunt
795 2469 994 2558 interpretati,
1017 2483 1048 2540 ut
1070 2477 1193 2541 Bassum
1215 2494 1267 2542 res
1289 2484 1410 2558 etymo-

270 2573 387 2660 logicus
408 2578 545 2643 vcrsibus
567 2585 712 2644 tractasse
735 2587 901 2644 statuerent
908 2601 917 2656 3
940 2579 1084 2662 ejusmodi
1107 2597 1225 2644 carmen
1238 2581 1410 2664 grammati-

272 2697 326 2746 cus
350 2682 455 2763 aliquis
479 2683 738 2761 conterentem
761 2684 821 2763 illc,
844 2703 931 2766 quem
951 2684 1048 2748 solum
1071 2684 1265 2760 Quintilianus
1288 2685 1409 2751 Horatio

272 2802 375 2876 parem
393 2787 546 2871 jndicuvtt.
569 2788 628 2854 Sed
650 2788 697 2853 lac
719 2789 797 2854 illurn
819 2791 906 2854 animi
928 2807 1019 2854 ceusu
1040 2789 1295 2873 grammaticorum
1317 2806 1411 2872 prae-

271 2877 360 2980 cepta
381 2892 522 2956 versibus
543 2893 709 2974 tradidisse,
733 2912 832 2960 nonne
854 2895 1014 2976 permirum
1035 2901 1127 2972 essct,
1150 2893 1281 2957 Persium
1301 2899 1411 2975 poetae

273 2995 329 3058 sibi
355 2995 523 3062 amicissimi
553 2997 659 3062 laudes
686 2998 885 3062 celebrantem
916 2997 984 3062 telie
1014 3016 1031 3063 o
1059 2997 1145 3079 poesi
1175 3015 1260 3078 quem
1283 2997 1410 3062 maxime

271 3109 386 3165 remota
409 3118 653 3182 commemorare,
674 3120 776 3166 nonne
798 3119 926 3184 prorsus
947 3102 1100 3184 ineptum,
1112 3100 1191 3164 illurn
1207 3119 1260 3166 res
1281 3108 1339 3164 tam
1360 3099 1412 3180 lep

270 3222 324 3270 ves
347 3204 449 3271 verbis
470 3207 617 3290 gravibus
643 3225 680 3270 uc
702 3206 768 3270 tere
792 3204 999 3288 grandiloquis
1021 3204 1137 3284 ¹etlerre
1158 3205 1330 3287 „rupisque
1352 3203 1411 3267 ad-

271 3307 344 3370 dere
365 3307 529 3391 pondus“?
553 3310 634 3374 Beue
656 3311 713 3374 boc
747 3309 899 3374 Weberus
922 3309 1086 3392 perspexit,
1109 3310 1160 3388 qui
1181 3309 1235 3372 tria
1254 3308 1337 3372 Bassi
1359 3307 1411 3390 ly·

270 3413 350 3478 ricae
363 3416 467 3497 poesis
485 3423 671 3500 arguments,
693 3415 848 3494 „virnmm
864 3413 982 3477 fortium
1002 3413 1146 3484 encomia,
1164 3403 1309 3496 juvenum
1325 3429 1412 3474 anro-

270 3536 322 3582 res
344 3527 375 3583 et
402 3520 544 3586 honestos
576 3520 793 3584 convivantium
823 3537 928 3584 senum
953 3514 1062 3600 jocos“
1091 3515 1218 3582 describi
1244 3517 1411 3582 effumavit.

271 3620 324 3686 lllo
347 3623 493 3708 ,iuvenes
511 3625 629 3709 agitare
647 3620 755 3707 jocos“
778 3623 879 3706 poesis
895 3622 1034 3686 amatoria
1058 3621 1162 3694 [blonti
1183 3622 1411 3706 ,emergimu-

273 3723 360 3803 nili“)
384 3727 578 3812 describitur3
601 3729 730 3794 fumasse
745 3747 813 3794 voc.
835 3727 991 3792 lusisse
1012 3727 1101 3790 satire
1118 3726 1308 3812 significatur,
1330 3723 1411 3807 quud

272 3833 339 3896 loco
362 3834 448 3913 simili
479 3835 515 3913 V,
542 3833 581 3900 16
604 3835 834 3918 comprobatur:
873 3831 1009 3911 „Doctus
1035 3839 1067 3896 et
1095 3832 1264 3916 ingenuo
1293 3829 1411 3912 eulpam

273 3935 406 4022 deligere
428 3935 533 4003 ludo.“
563 3937 688 4003 bessum
720 3938 807 4002 etium
837 3936 953 4000 satiram
983 3943 1130 4016 tentasse,
1162 3951 1221 3998 non
1243 3932 1282 3998 ita
1303 3932 1410 3996 mirum

271 4050 326 4122 est,
346 4061 436 4124 quum
460 4043 594 4108 veteres
607 4050 712 4126 poetae
732 4059 822 4106 unum
855 4039 972 4122 quidem
1000 4041 1160 4104 carminum
1190 4054 1289 4124 genus
1311 4053 1412 4100 exco-

270 4148 388 4226 luerint,
411 4147 466 4210 sed
488 4147 542 4212 alia
566 4164 688 4229 quoque
710 4165 833 4230 genera,
856 4146 886 4208 in
909 4145 1019 4226 quibus
1040 4133 1151 4228 ingenii
1173 4143 1255 4205 vires
1277 4157 1411 4204 exerce-

271 4258 347 4332 rent,
369 4252 527 4336 ottigerint.
556 4249 644 4327 onon
669 4251 786 4336 singule
810 4252 930 4331 attinet,
962 4267 1021 4312 non
1039 4247 1129 4341 'facile
1152 4247 1217 4328 pois
1240 4243 1410 4308 lleinricbio
