3162 4904
182 535 300 600 omniuo
326 535 378 599 vix
406 529 558 620 ougnttum
579 528 728 596 'hunnine
757 525 837 596 dixit
870 521 1027 596 'Tralatitit
1054 531 1104 595 iiia
1134 533 1323 598 obscuritatis

184 639 325 723 opinione
348 638 426 702 dooti
448 638 529 702 multi
553 637 647 700 Persii
670 638 778 701 sotiras
807 637 854 699 vet
878 653 982 719 parum
1005 635 1160 721 diiigenter
1182 639 1322 723 legerunt

180 743 229 808 vel
257 742 333 806 male
365 751 395 806 et
425 741 499 805 dure
530 742 559 803 in
590 741 719 824 linguam
750 746 881 804 nostram
912 739 1069 803 translatos
1096 751 1318 823 percurrerunt.

181 847 244 910 idoo
265 849 389 910 maxime
411 846 588 928 requiritur,
615 852 647 908 ut
665 844 776 928 judicio
808 852 923 908 utamur
945 844 1054 925 ubique
1074 843 1211 930 integro,
1242 865 1320 912 nere

182 951 277 1016 dotum
301 952 446 1032 quandem
466 958 496 1012 et
518 956 738 1032 praesumptam
762 949 931 1030 opinionem
954 950 1051 1013 seouti
1073 949 1109 1012 od
1133 952 1224 1016 Persii
1246 953 1321 1016 sati-

182 1073 230 1120 ros
252 1055 398 1141 legendos
421 1053 606 1118 aooedomus.
641 1053 820 1118 Sententiam
850 1053 888 1116 de
910 1053 960 1115 ilio
983 1071 1084 1116 veram
1108 1071 1142 1117 ae
1164 1055 1321 1137 sinceram,

83 1139 90 1156 ⁹
182 1162 357 1240 praesertim
385 1173 474 1241 quum
505 1157 585 1222 multi
614 1157 671 1219 doei
699 1155 819 1221 obscuri
843 1155 939 1220 lucem
961 1157 1147 1238 desiderent,
1176 1167 1237 1222 turn
1262 1161 1321 1224 de-

182 1281 260 1328 mum
282 1261 383 1327 dioero
404 1279 580 1344 possumus,
612 1277 700 1343 quum
723 1277 788 1324 eum
811 1277 872 1322 non
894 1261 1005 1339 semel,
1034 1260 1088 1324 sed
1110 1261 1209 1325 decies
1232 1263 1320 1349 tepe-

181 1368 275 1430 rimus
298 1367 426 1450 oJusque
448 1365 597 1450 cogitandi
620 1383 657 1428 ao
679 1363 823 1428 sentiendi
839 1365 983 1428 rationem
1000 1366 1118 1446 ponitus
1135 1369 1318 1450 cognoveri·

181 1489 258 1534 mus.
279 1471 354 1534 dum
377 1471 463 1534 muita
486 1478 535 1534 aut
557 1470 695 1533 constitui
717 1471 828 1532 rectius
851 1477 901 1532 aut
924 1467 1167 1532 detendtnettus
1182 1480 1319 1553 possunt,

183 1591 272 1655 quun
294 1574 374 1637 dium
396 1575 511 1638 assiduo
534 1575 661 1638 tectione
682 1574 769 1636 nobis
791 1571 964 1636 tumidiorem
987 1571 1215 1640 reddiderimus.

268 1677 354 1752 Quod
377 1697 466 1761 quum
498 1678 628 1741 diuturni
657 1685 687 1740 et
714 1678 790 1740 ueris
819 1677 907 1738 studii
936 1677 965 1738 in
990 1677 1081 1739 Persii
1111 1679 1207 1742 satiris
1231 1681 1320 1763 postu*

183 1781 250 1845 midi
273 1783 412 1846 oonsoius
433 1782 471 1845 do
493 1799 540 1844 me
562 1781 737 1862 praedicare
759 1780 880 1862 possim,
902 1781 1045 1842 inuentum
1068 1789 1098 1842 et
1121 1781 1240 1846 dubium
1263 1785 1321 1847 ad-

183 1885 240 1948 hue
264 1885 302 1950 de
317 1895 405 1966 poeta
423 1884 566 1968 judicium
586 1886 698 1948 certius
718 1884 869 1964 reddere,
892 1892 1030 1966 quantum
1053 1885 1082 1946 iu
1105 1903 1151 1948 me
1174 1895 1238 1966 est,
1260 1905 1320 1950 ex-

181 1989 337 2081 periuret
365 1990 489 2070 primum
520 1989 639 2070 quidem
662 2005 750 2070 quem
772 1987 873 2052 ionum
892 1988 942 2052 ilie
965 1989 993 2050 iu
1022 1989 1183 2054 tittersrum
1207 1992 1320 2055 Roma-

182 2109 284 2157 narum
306 2093 427 2158 historia
449 2093 598 2172 obtineat,
621 2093 825 2175 quaerendum
848 2111 915 2156 esse
938 2093 1112 2158 existimari.
1220 2156 1221 2161 ,
1253 2115 1258 2123 ·

708 2358 737 2427 S·
761 2350 791 2420 2.

267 2509 393 2574 Sotirorn
416 2509 613 2574 Romanorum
637 2510 786 2594 proprium
809 2525 890 2590 erse,
913 2507 1108 2583 Quintilianus
1131 2519 1215 2575 reete
1233 2511 1319 2595 judi·

182 2616 275 2692 urtit3
307 2615 412 2679 Graeci
435 2616 551 2680 sutiriea
580 2615 729 2696 quaedam·
746 2616 819 2702 eiius
842 2615 962 2697 generis
984 2614 1160 2678 carminibus
1184 2615 1321 2694 admixta,

182 2717 236 2780 sed
267 2718 361 2784 nullas
392 2720 499 2783 hebent
529 2721 640 2785 satiras.
686 2720 805 2796 Quare,
836 2734 924 2799 quum
953 2719 1044 2782 sotira
1075 2737 1147 2800 pars
1174 2719 1320 2800 quaedam

183 2821 284 2900 poesis
313 2821 476 2887 didactioae
506 2825 561 2902 sit,
593 2842 662 2886 num
694 2841 798 2904 poema
830 2824 940 2904 justum
969 2822 1071 2884 haberi
1100 2823 1211 2903 possit,
1241 2821 1323 2885 inulti

183 2924 361 2989 dubitarunt.
404 2927 545 3007 Equidem
576 2928 636 3006 illi,
665 2929 691 2989 si
724 2928 811 2988 certis
833 2925 939 2988 tinibus
974 2926 1167 3001 cohibentur,
1199 2925 1323 2990 formem

182 3030 328 3109 poetieam
351 3037 447 3111 aptam
471 3047 621 3094 essenon
643 3031 825 3114 negauerim,
848 3029 884 3092 au
906 3029 1007 3092 indute
1026 3031 1205 3094 Graeoorum
1229 3047 1321 3112 pror·-

182 3149 237 3196 ιιι
255 3133 378 3196 ulianam
408 3133 503 3198 fuisse
529 3135 590 3216 jam
618 3153 673 3213 eo,
702 3133 782 3214 quod
813 3135 916 3197 sotims
939 3133 978 3196 ilii
1009 3132 1104 3198 nullos
1128 3135 1323 3214 seripserunt,

186 3239 258 3302 sotis
281 3237 433 3320 orntum.
457 3239 569 3302 Sotirae
591 3257 682 3302 verae
705 3247 765 3302 tum
787 3237 883 3300 sotum
906 3247 1082 3316 naseuntur,
1104 3255 1194 3319 quum
1218 3234 1322 3302 oritura

184 3349 214 3404 et
236 3343 295 3406 vitu
317 3343 460 3421 vinculis,
488 3343 596 3424 quibus
623 3351 709 3406 antea
731 3343 924 3420 tenebantur,
959 3343 1063 3406 solutis
1086 3345 1162 3406 inter
1184 3360 1217 3405 se
1240 3361 1322 3426 pug-

182 3453 266 3524 uant;
297 3463 375 3528 quae
397 3455 530 3528 tempora
553 3449 664 3510 oraturi
687 3448 757 3510 satis
790 3446 961 3524 commoda,
991 3453 1098 3528 poetae
1120 3448 1242 3510 maxime
1265 3446 1324 3508 ini·

184 3566 241 3631 qua
272 3558 303 3615 ot
329 3549 457 3615 aduersa
486 3561 565 3616 sunt.
597 3553 683 3633 Apud
707 3553 840 3616 Graecos
862 3558 965 3614 nature
989 3559 1018 3614 et
1040 3552 1099 3614 uita
1121 3549 1322 3631 pulcherrime

183 3655 258 3717 iuter
287 3673 321 3718 se
350 3656 591 3735 consentiebant,
628 3673 784 3737 numquam
814 3655 892 3736 opud
921 3655 987 3718 illos
1017 3655 1120 3737 poesis
1150 3656 1187 3718 ita
1218 3673 1234 3716 a
1264 3655 1323 3716 rito

175 3758 346 3832 ouationem
375 3765 438 3836 est,
470 3767 500 3822 ut
529 3760 558 3821 iu
588 3759 706 3824 scholas
738 3759 787 3823 uei
817 3759 967 3822 rhetorum
1000 3757 1047 3821 vei
1080 3757 1323 3840 philosophorum

184 3861 371 3947 oouiogeret.

270 3966 342 4029 Tum
373 3965 479 4029 Greeoi
509 3983 607 4047 neque
640 3968 677 4030 od
705 3967 799 4046 ittam,
832 3983 890 4048 quo
920 3965 1042 4029 Romani
1072 3967 1200 4030 Neronis
1228 3974 1323 4029 aetate

183 4068 309 4132 demersi
333 4078 438 4148 eraut,
472 4087 584 4133 morum
608 4073 782 4152 pravitatem
805 4089 934 4153 unquonu
957 4071 1092 4152 prolapsi
1114 4078 1199 4148 suut,
1221 4089 1322 4151 oeque

185 4172 322 4253 pristinas
349 4173 474 4238 virtutes
501 4175 620 4256 paribus
649 4176 728 4239 vitiis
759 4172 1001 4238 contaminarunt.
1032 4175 1155 4238 Satirioa
1179 4174 1323 4254 quaedam

184 4279 213 4340 iu
235 4276 349 4354 iambis,
369 4277 600 4364 epigrammatis,
622 4276 785 4350 oomoodiis
807 4279 1010 4362 reperiuntur.
1039 4277 1202 4342 lamborum
1225 4279 1324 4367 serip-
