3162 4904
172 573 204 630 et
222 582 276 631 res
297 571 328 630 et
349 562 444 630 reme
459 569 533 630 neta
551 560 670 641 iuerirrt,
692 561 819 628 sohetiis.
835 559 905 626 utu
926 577 1005 641 epus
1024 560 1129 638 tuisse,
1151 559 1226 624 rrinit·
1243 559 1310 626 inre

172 669 207 734 in·
224 669 259 735 iia
278 668 349 750 tent,
371 666 452 748 unet
475 683 535 732 non
557 667 630 748 ipsis
652 674 758 748 poetae
781 665 882 730 serbis
904 666 1097 742 eontinentur,
1125 682 1218 746 panon
1241 675 1310 729 taut

172 781 234 838 turn
262 791 302 838 ox
332 772 434 853 nmen
460 771 652 854 grammatino
681 786 740 834 non
762 770 849 834 nimis
878 777 996 834 retuuo
1025 767 1180 852 desumpta
1204 769 1311 848 videri,

170 874 289 942 nortun.
305 875 436 957 denique
455 876 551 950 ineunt
576 873 746 939 diiireoitate
766 874 863 954 atique
892 874 1039 956 insignem
1067 873 1123 937 iliis
1146 887 1217 938 osae
1239 873 1309 936 rtru-

168 987 302 1048 rtratum.
338 979 421 1055 Quae
444 980 629 1048 Herruauuru
660 977 879 1061 „turpissimum
909 992 1001 1042 verae
1031 978 1166 1040 teetionis
1198 977 1307 1040 tentem

170 1082 337 1166 praetere‘
369 1084 573 1161 asseveravit,
604 1080 784 1148 scholiorum
815 1079 1008 1160 „temneret
1042 1100 1102 1147 nen
1137 1081 1223 1146 viden
1254 1099 1309 1145 eur

170 1189 217 1254 itte
246 1189 296 1254 vel
318 1189 412 1271 plutis
435 1188 596 1265 sapiamus,
622 1205 708 1268 quam
736 1186 829 1268 ipsius
850 1185 942 1250 Persii
969 1185 1071 1261 verbs,
1101 1185 1149 1248 ret
1171 1185 1210 1248 ab
1230 1185 1310 1252 ourrr'

169 1294 360 1374 corruptione
383 1293 639 1376 irrtepraserveta
670 1297 817 1370 putemus.
852 1289 944 1354 Multo
974 1290 1104 1367 eertius,
1141 1288 1229 1352 modo
1258 1307 1310 1368 ne,

169 1415 230 1479 nuo
253 1395 439 1462 Herurannus
466 1413 557 1476 saepe
580 1395 707 1471 erravit,
739 1393 973 1474 unumquodque
1001 1392 1177 1456 roeebutur
1199 1401 1311 1456 steten

169 1501 333 1577 eurrmnes,
354 1519 393 1566 err
413 1500 479 1580 ipse
502 1516 646 1566 versuum
669 1499 915 1580 interpretatione
935 1515 1013 1578 quae
1038 1498 1155 1560 Persius
1175 1499 1311 1578 scripse*

170 1606 208 1672 rit
228 1604 365 1670 constitui
389 1611 494 1686 petest.
518 1602 822 1682 transnominatus,
845 1604 896 1682 qui
919 1609 1029 1666 tantum
1056 1601 1177 1666 scholiis
1200 1603 1311 1680 tribuit,

170 1707 368 1788 oourpiuribus
389 1707 463 1775 tonis
485 1708 621 1788 ‚permiti
653 1705 823 1786 obsequie*
845 1705 991 1771 lectiones
1012 1707 1136 1786 reecpit,
1159 1725 1235 1788 quae
1258 1707 1314 1771 iltis

95 1831 98 1836 ·
171 1812 258 1892 ptam
289 1812 455 1878 naurutnn
481 1819 548 1874 sunt
576 1809 630 1882 (ei.
654 1808 688 1888 ll,
713 1809 763 1887 10,
786 1809 845 1887 623
876 1808 922 1890 lii,
944 1809 997 1887 66,
1020 1809 1074 1889 68,
1098 1810 1178 1887 10ος
1202 1813 1237 1890 V,
1262 1811 1312 1891 15,

169 1916 222 1994 66,
246 1911 314 1990 73).
336 1915 461 1980 Jatruius
482 1915 637 1980 Hermanni
660 1913 709 1978 vei
732 1915 927 1992 auetoritnte,
949 1913 998 1976 ret
1020 1916 1202 1998 argumentis
1225 1933 1311 1978 enm·

168 2028 264 2086 nous
287 2021 316 2084 in
338 2019 468 2085 euntem
491 2020 606 2088 minure
629 2017 766 2083 nonnette
789 2019 928 2096 mutarit,
950 2035 1019 2080 num
1042 2027 1142 2096 reete,
1164 2038 1221 2081 sue
1242 2019 1310 2084 toan

171 2124 412 2193 mantuanense.
445 2123 587 2190 Subtilior
615 2123 693 2188 iltius
716 2122 864 2186 scribendi
887 2124 960 2186 ratio
990 2122 1045 2195 (oi.
1068 2122 1096 2200 i,
1119 2124 1158 2186 5i
1182 2132 1310 2200 eutem

168 2227 195 2306 t,
217 2228 441 2304 820xuttat3
465 2226 501 2306 V,
525 2227 587 2296 tre
611 2228 807 2302 extiuetm
834 2225 888 2304 Vi,
909 2225 1170 2310 Sinogtegett
1190 2223 1230 2290 37
1247 2246 1309 2291 ur·

167 2340 283 2415 guetr
314 2332 357 2398 to
380 2331 608 2408 ieniueeao;
639 2329 763 2412 adque
787 2331 856 2407 (i),
885 2337 962 2402 set,
992 2329 1083 2394 haut
1110 2332 1310 2412 comptuitur

168 2435 271 2513 loeis),
292 2455 353 2517 pua
380 2438 409 2504 in
437 2453 471 2500 re
501 2445 533 2503 ut
563 2435 801 2524 magnentiana
833 2434 915 2498 viros
946 2433 1050 2499 domos
1079 2453 1160 2500 nune
1188 2436 1311 2520 gierieri

170 2539 315 2618 uidemus,
339 2541 405 2607 mitri
429 2559 530 2621 parum
554 2538 864 2615 trasemundum
888 2539 1072 2604 Hermonnus
1094 2539 1171 2605 iiiam
1194 2540 1311 2606 strenua

170 2644 362 2723 improbarit,
384 2652 411 2708 at
434 2645 651 2713 distinotienem
675 2643 835 2711 uerborum
857 2644 1091 2722 mutationem,
1120 2661 1181 2724 qua
1203 2643 1311 2708 multae

176 2745 376 2831 distinguendi
389 2757 479 2819 natae
494 2767 734 2829 supervacaneae
752 2749 870 2813 recisae
892 2757 970 2827 suut,
992 2749 1022 2810 in
1043 2763 1126 2811 sunm
1147 2747 1310 2812 editionum

170 2851 299 2929 receptu.
319 2851 447 2918 Veteres
470 2853 662 2932 interpretes,
689 2852 714 2914 si
739 2851 950 2927 casaubonum
965 2859 998 2913 et
1018 2852 1186 2917 Tannetum
1216 2871 1312 2916 orrue-

170 2955 271 3034 peris,
302 2956 431 3018 Persium
455 2974 514 3018 non
537 2963 618 3018 reete
640 2956 860 3020 intellexerunt.
891 2954 970 3020 inter
990 2958 1173 3036 interpretes
1201 2974 1312 3020 reeen—

168 3059 261 3132 tioras
290 3058 400 3124 Jahnio
427 3066 458 3126 et
488 3059 657 3124 Hennaeas
691 3075 812 3136 semper
843 3059 935 3140 prima
964 3059 1109 3143 suffragia
1139 3059 1224 3136 riedi;
1255 3059 1310 3122 iltis

171 3163 425 3228 eonsentientibus
456 3182 520 3242 me,
558 3163 608 3228 ubi
637 3162 706 3228 uun
738 3164 943 3242 contradixi,
976 3165 1179 3246 astipulantem
1210 3164 1312 3228 haberi

166 3267 265 3337 ,votui

259 3371 354 3446 Ouum
377 3371 539 3445 verborum
561 3373 739 3438 senteutiam
764 3379 793 3434 et
816 3379 943 3437 urentem
966 3380 1071 3454 poetae
1098 3380 1184 3435 reete
1202 3372 1312 3435 intuiti-

167 3491 256 3556 gere,
279 3482 329 3552 ut,
351 3493 429 3555 quae
451 3476 504 3543 itta
527 3477 629 3542 disere
652 3494 713 3540 neu
736 3483 864 3556 poterat,
886 3492 926 3539 na
948 3476 1073 3558 cogitari
1096 3475 1215 3556 quiderm
1237 3493 1314 3556 pun-

167 3579 243 3657 oiet,
266 3595 342 3662 quae
358 3577 459 3645 uiuere
476 3580 618 3659 debebat,
641 3580 717 3647 ultre
741 3579 806 3646 iere
830 3597 865 3646 se
886 3579 1025 3657 offerant,
1048 3581 1223 3660 prinripium
1246 3599 1313 3644 enn-

167 3682 225 3749 ttis
248 3683 502 3763 interpretationis
532 3687 572 3750 sit
602 3693 633 3748 et
663 3685 806 3766 primunr,
837 3683 915 3764 quud
946 3685 1011 3762 ipse
1039 3685 1158 3747 eritieus
1188 3693 1315 3766 spectet,

169 3787 348 3870 interpretes
380 3804 472 3864 raro,
501 3787 588 3868 duur,
618 3791 761 3874 graviora
785 3788 1075 3868 praetermittentes,
1102 3790 1206 3869 meite,
1235 3805 1314 3870 quee

175 3891 244 3959 nihil
266 3891 302 3957 ari
324 3909 405 3970 rem,
428 3891 600 3970 proterunt,
630 3893 773 3958 tectorem
797 3910 889 3972 saepe
912 3893 961 3954 rei
982 3895 1144 3973 inaertum,
1166 3893 1215 3958 vel
1239 3894 1314 3958 mrie

169 3994 287 4061 deatum
317 3991 480 4073 dimittent,
509 3995 601 4059 Persii
630 3998 727 4061 setiris
759 3996 822 4061 tere
851 3997 975 4080 integris
1004 4000 1130 4062 servum
1160 3999 1314 4079 interpre-

175 4099 263 4162 tando
287 4101 378 4182 napis
401 4117 487 4180 uuam
512 4099 698 4166 ernaudondu
722 4100 959 4180 difficultatibus,
988 4103 1095 4182 quibus
1119 4102 1215 4166 autruu
1237 4121 1316 4169 nnn-

171 4201 245 4267 nutti
271 4202 330 4269 loei
356 4203 512 4282 laborant,
544 4214 745 4271 susurraretur.
780 4204 880 4278 Quare
903 4205 1049 4273 heumihi
1078 4209 1241 4290 preposui,
1276 4214 1317 4286 ut,

174 4305 348 4395 ubieunque
370 4308 426 4378 riri
448 4327 528 4382 teto.
546 4308 625 4384 tueri
648 4311 677 4377 iu
700 4311 835 4384 diversas
858 4311 1022 4390 sententias
1045 4313 1199 4407 obierant,
1221 4331 1317 4386 rnearn
