3162 4904
819 1163 869 1238 ll.

573 1379 874 1488 Quaestioues
906 1377 1112 1468 criticae.

794 1689 865 1781 „‘H
880 1693 942 1762 τῶν
961 1687 1065 1782 λόγων
1086 1691 1187 1782 κρίσις
1209 1695 1329 1782 πολλῆς
1348 1695 1417 1764 ἐστι

852 1781 969 1870 πείρας
990 1783 1173 1851 τελευταῖον
1195 1777 1416 1872 ἐπιγέννημα.“

1021 1885 1128 1956 bongin.
1146 1886 1179 1940 do
1197 1887 1261 1945 subl.
1280 1903 1304 1946 c.
1321 1887 1348 1944 6.

365 2082 479 2148 Salinae
498 2084 591 2148 Persii
614 2082 680 2147 fore
702 2082 894 2163 incorruptae
916 2080 953 2144 ad
976 2098 1033 2143 nos
1047 2090 1260 2163 pervenerunt,
1284 2091 1316 2147 ut
1337 2101 1417 2165 quo·
1553 2063 1554 2076 ¹

276 2207 394 2268 cunque
425 2187 491 2251 iere
520 2188 587 2251 loco
619 2204 692 2250 vara
722 2187 809 2248 lectio
833 2203 871 2246 ex
893 2185 962 2247 satis
984 2187 1070 2249 bonis
1094 2194 1124 2249 et
1153 2187 1279 2268 antiquis
1302 2187 1416 2251 codici-
1504 2210 1508 2215 ·

277 2294 332 2356 bus
350 2291 460 2355 brmari
476 2293 580 2374 possit.
604 2289 701 2365 Ouum
717 2307 801 2369 vero,
819 2287 901 2369 quod
918 2287 1039 2352 Jobnius
1055 2288 1155 2353 docuit
1171 2288 1417 2372 (proll.p.193)‚

276 2396 374 2460 nullus
404 2396 502 2460 codex
534 2405 589 2459 tam
615 2396 733 2479 integer
762 2395 815 2472 sit,
848 2401 880 2457 ut
910 2411 977 2456 eum
1008 2393 1190 2474 potissimum
1220 2395 1356 2476 sequanis
1387 2402 1418 2456 et

276 2500 425 2583 „diversis
454 2500 527 2564 locis
559 2499 667 2562 diversi
690 2498 778 2562 codd.
801 2516 905 2560 uerum
925 2496 1100 2577 tueantur,“
1123 2499 1248 2581 ubique,
1270 2516 1346 2582 quac
1360 2517 1421 2584 ge-

276 2606 364 2668 nuina
392 2605 485 2668 Persii
516 2604 605 2667 verba
637 2601 761 2680 tuerint,
792 2600 905 2684 judicio
935 2610 966 2666 et
1006 2602 1168 2666 rationibus
1204 2603 1421 2668 decernendum

276 2719 331 2772 est.
355 2705 557 2790 conjecturis,
580 2707 659 2788 quod
682 2707 784 2788 paucis
807 2706 1000 2786 scriptoribus
1024 2706 1170 2790 contigit,
1193 2725 1269 2789 opus
1289 2715 1421 2786 nonest,

277 2831 363 2877 unam
387 2831 475 2893 qnam
486 2813 607 2876 labnius
630 2811 785 2892 proposuit
809 2809 873 2887 (tv,
888 2809 947 2883 48]
962 2811 1027 2892 ipse
1042 2810 1148 2891 rejecit
1169 2811 1269 2894 (proll.
1284 2831 1313 2894 p.
1332 2805 1420 2884 193).

217 2944 219 2947 ·
276 2917 384 2980 Nostra
414 2925 509 2979 aetate
530 2916 653 2979 Jabnius
685 2915 728 2978 de.
745 2915 848 2978 Persio
872 2915 981 2995 optime
1005 2916 1130 2994 meruit,
1161 2916 1245 2998 cujus
1268 2933 1420 2978 commen·

277 3021 352 3083 tario
382 3019 516 3104 diligenti
546 3020 644 3083 studio
674 3027 702 3080 et
726 3018 838 3101 Judioio
869 3019 999 3100 eleganti
1021 3018 1159 3084 conlecto
1183 3019 1339 3099 omnibus,
1368 3019 1418 3100 qni

277 3123 443 3205 hujusmodi
476 3123 682 3187 adminiculum
712 3121 941 3199 desiderabunt,
970 3123 1149 3188 satisfactum
1180 3125 1250 3201 erit;
1281 3122 1419 3205 equidem

279 3226 375 3290 multis
405 3227 487 3290 libris
517 3247 577 3291 non
609 3228 674 3291 sine
705 3226 804 3290 taedio
834 3227 973 3307 perlectis
1002 3226 1052 3291 illo
1081 3246 1276 3309 quaecunque
1306 3228 1352 3290 alii
1383 3227 1420 3290 de

280 3331 384 3394 Persio
407 3332 590 3412 scripserunt
613 3331 678 3395 iere
700 3330 811 3394 inutilia
834 3331 948 3394 reddita
972 3350 1043 3395 esse
1065 3331 1205 3414 cognovi.
1230 3331 1263 3394 C.
1287 3331 1319 3394 F.
1344 3332 1422 3394 ller-

281 3452 404 3498 mannus
427 3429 654 3498 iniectionibus
678 3434 893 3497 constituendis
916 3435 1037 3500 scholiis
1061 3436 1178 3498 nimium
1200 3434 1320 3514 tribuit,
1347 3452 1422 3517 quac

288 3537 437 3617 ‚codicum
455 3546 601 3620 quotquot
621 3539 761 3602 babemus
784 3546 959 3602 vetustatem
976 3557 1037 3601 non
1056 3538 1144 3603 modo
1162 3557 1303 3621 aequare,
1321 3557 1422 3601 verum
1495 3593 1498 3601 .

283 3643 368 3705 etiam
400 3641 566 3724 superare“
595 3644 768 3717 (Lectiones
797 3633 955 3706 Persianae
985 3643 1014 3722 Ι,
1044 3661 1075 3725 p.
1102 3643 1161 3717 25)
1191 3662 1291 3724 neque
1325 3644 1428 3723 tutius,

286 3763 347 3828 quo
371 3747 498 3810 nitantur
521 3747 631 3826 critici,
660 3747 881 3811 fundamentum
910 3748 1036 3828 reperiri
1064 3747 1224 3810 contendit.
1254 3746 1313 3812 Sed
1342 3746 1427 3809 docta

285 3850 385 3914 Jabnii
408 3850 445 3913 de
468 3850 589 3914 scholiis
613 3852 743 3916 instituta
768 3842 944 3930 quaestione
964 3851 1067 3933 (proll.
1084 3871 1112 3934 p.
1127 3849 1315 3952 ¹¹³‘l²⁵)
1330 3851 1429 3913 inesse
1553 3835 1554 3890 ³

285 3955 322 4020 iis
355 3954 519 4035 quaedam,
557 3974 633 4037 quae
664 3955 814 4035 antiquum
846 3955 991 4036 originem
1022 3955 1164 4038 prodant,
1200 3973 1304 4017 verum
1337 3954 1428 4018 multo
1553 3947 1554 3962 ¹

285 4057 370 4141 plura
401 4079 418 4122 a
449 4060 645 4144 grammaticis
677 4057 790 4120 mediae
819 4059 923 4120 aetatis
953 4059 1087 4140 prolecta
1124 4076 1214 4137 esse,
1243 4059 1428 4140 exploratum
1553 4124 1554 4154 ¹

281 4163 351 4227 mibi
371 4162 501 4228 uidetur.
525 4165 634 4228 Levius
657 4162 777 4247 quidem
801 4171 832 4226 et
854 4164 993 4245 iniquius,
1016 4161 1072 4226 sed
1098 4162 1126 4224 in
1149 4162 1322 4226 universnm
1345 4170 1429 4226 recte
1553 4165 1554 4253 ᾗ

280 4268 443 4362 Koenigius
467 4268 554 4344 (edit.
579 4269 659 4335 Pers.
684 4287 713 4356 p.
737 4265 796 4340 28)
820 4265 858 4332 de
881 4268 939 4332 illis
958 4266 1081 4354 judicat,
1104 4264 1289 4348 aequalibus,
1319 4265 1428 4351 quibu⁸
1553 4365 1554 4388 Χ
