3162 4904
185 493 233 552 ter
242 485 400 551 lectionem
410 483 497 552 codd.
506 485 578 550 satis
586 483 727 549 6666166
742 485 859 568 rumpi
872 485 1023 569 praefero.
1037 521 1070 532 -
1080 486 1116 554 V.
1130 483 1203 552 159.
1211 483 1322 565 Herm„

185 597 225 654 ot
254 590 304 654 vel
328 609 371 654 ac
392 589 562 674 languidum
594 591 773 670 existimaus,
794 591 928 673 plurimis
957 591 1134 675 optimisque
1156 589 1243 655 codd.
1267 588 1322 653 dr·

185 702 288 758 malain
312 694 481 777 particulam
504 701 575 774 ast,
598 697 673 778 qdae
691 694 801 759 166166
819 703 854 759 at
872 693 1049 761 doncitaturn
1072 713 1240 760 sermonem
1263 693 1321 758 de-

185 806 244 878 cet,
262 799 332 882 jura
353 799 477 880 recepit,
501 799 622 879 errarit,
645 817 734 881 quum
752 817 782 862 r.
807 797 888 873 163,
912 799 991 882 quod
1013 818 1106 884 saepe
1129 800 1210 884 iacit,
1230 798 1321 864 solani

30 871 39 886 ’
178 902 274 968 'cede
298 887 501 968 6661666666
521 911 653 983 secutos,
675 920 742 984 666
757 903 865 968 Jalrnio
889 899 934 986 (in
954 901 1003 969 ad.
1017 903 1101 982 616.)
1120 901 1323 970 adrodens

177 995 338 1073 isteriliscet.
362 995 456 1074 ilecte
478 989 605 1090 661666
621 1009 667 1080 (L.
689 1007 722 1070 1.
739 1000 786 1087 111,
811 1024 841 1090 p.
864 1005 923 1084 68)
947 1025 1076 1094 unguem
1093 1005 1239 1072 adrodere
1261 1019 1322 1091 pe·

181 1103 261 1176 stam
284 1107 516 1177 meditantis
544 1127 618 1178 esra
639 1111 729 1191 dixit,
760 1111 948 1196 desperantis
971 1111 1139 1193 abradere,
1162 1109 1218 1177 sed
1239 1113 1322 1176 66616

176 1217 272 1282 ’61166
293 1217 386 1281 corut.
409 1216 446 1281 ad
468 1217 541 1282 lior.
564 1231 589 1280 e.
613 1215 665 1297 lV,
691 1215 747 1297 ll,
770 1215 812 1281 26
835 1217 989 1297 „meditari
1012 1224 1059 1282 ast
1085 1231 1146 1281 666
1165 1215 1225 1301 jaro
1248 1233 1319 1281 sae·

179 1322 301 1398 6166116,
323 1321 378 1386 sed
399 1322 471 1384 irent
495 1321 594 1403 potius
616 1321 828 1386 dissimulantis
851 1321 1025 1386 6166161616
1053 1319 1237 1401 occultandis,
1259 1334 1319 1403 qun

182 1413 653 1508 116166666666166666666611
677 1425 907 1491 Chaerestratus
929 1443 990 1490 non
1012 1425 1108 1490 animo
1131 1425 1234 1509 quieto
1255 1443 1319 1490 rent

177 1522 339 1608 6611116661,
354 1529 431 1592 omni
451 1527 516 1592 iera
527 1545 584 1612 spe
598 1525 847 1594 reconciliationis
862 1529 984 1617 abjecta,
1003 1529 1073 1614 quid
1088 1527 1185 1612 iaciat,
1203 1543 1319 1595 66666

178 1619 439 1698 ’1666666666
469 1633 600 1698 16661166
628 1641 685 1698 est.
723 1633 799 1697 ’1666
821 1633 1032 1700 adtollere
1065 1633 1126 1719 jann
1157 1651 1217 1699 666
1240 1651 1316 1698 666.

183 1737 340 1802 crudum
364 1739 436 1817 (‚‚ita
459 1744 490 1801 ut
512 1738 624 1802 crudus
650 1735 735 1814 fiel‘)
755 1737 918 1818 reiutatur,
940 1737 978 1803 61.
1002 1735 1031 1812 1,
1056 1739 1118 1804 166
1147 1737 1320 1821 ,1166616-

179 1827 263 1907 tean'r
284 1842 397 1923 666611,
421 1848 480 1905 neo
500 1841 656 1906 demorsos
674 1843 748 1924 sapit
766 1842 926 1926 ungues.“.
950 1843 1033 1925 lior,
1055 1851 1109 1908 sat.
1129 1839 1160 1925 l,
1182 1841 1235 1925 10,
1258 1841 1319 1909 712

179 1944 298 2028 „Saepe
320 1952 407 2026 capot
429 1945 578 2026 scaberet,
600 1947 715 2012 viros
745 1955 776 2012 et
797 1947 920 2012 roderet
946 1947 1096 2034 ungues.“
1119 1979 1161 1996 --
1184 1949 1219 2014 V.
1245 1945 1317 2012 112.

177 2050 398 2114 1166611666.
420 2049 502 2129 iecit,
525 2049 605 2132 qood
628 2051 749 2133 primam
783 2055 941 2134 personam
964 2069 1154 2118 accersor
1176 2053 1318 2136 sanavit,

179 2147 237 2220 ‘sed
259 2153 367 2218 rellcm
398 2156 485 2218 etiarn
515 2152 703 2220 indicativum
742 2164 913 2235 servasset,
952 2173 1039 2240 quem
1069 2155 1206 2241 plerique
1228 2152 1317 2221 codd.

179 2263 310 2323 1666166.
340 2257 429 2324 Certo
452 2245 792 2326 1666166666166666
814 2270 843 2324 et
866 2261 1086 2326 inconsiderate
1108 2261 1227 2326 66666
1250 2277 1318 2326 mu*

178 2352 264 2440 liait3
285 2356 462 2427 indicativus
483 2361 694 2447 accersor,
723 2367 897 2449 praesertim
921 2385 1010 2448 quarn
1034 2383 1106 2431 nec
1137 2383 1238 2431 nunc
1260 2383 1319 2431 an-

180 2467 315 2542 tecedat,
337 2475 454 2552 tempos
478 2469 595 2550 indicat,
617 2470 824 2554 conjunctivus
853 2472 1062 2553 supplicet
1084 2489 1204 2536 666666
1226 2469 1317 2558 addit,

179 2587 257 2654 qnae
278 2571 398 2636 duliiani
422 2574 517 2657 magis
544 2573 671 2637 stimulat
693 2575 847 2661 rebusque
880 2575 944 2640 suis
966 2573 1144 2640 dididantcrn
1176 2575 1264 2660 erigit
1286 2583 1318 2640 ct

177 2675 341 2739 66616661.
359 2707 395 2718 —-
418 2677 454 2741 V.
475 2676 548 2754 112,
561 2675 603 2742 id
619 2679 719 2742 llerrn.
736 2686 766 2742 et
782 2679 869 2744 ialin.
885 2679 950 2762 (qui
967 2681 1054 2763 proll.
1066 2699 1098 2768 p.
1114 2679 1176 2744 ted
1188 2681 1247 2763 jann
1260 2677 1316 2743 dc-

179 2779 337 2854 ditaverat,
360 2795 429 2843 666
451 2782 510 2845 hoc
531 2783 642 2846 rectius
662 2779 761 2863 esset)
791 2799 867 2848 666
890 2801 985 2849 nunc
1008 2785 1204 2867 scripserunt,
1227 2781 1318 2866 6666,

177 2881 296 2948 'etiami
320 2881 433 2948 lloretii
462 2885 531 2948 loco
562 2887 760 2968 geminosat.
784 2887 884 2966 11,3,
911 2888 975 2952 262
1004 2907 1065 2952 non
1094 2885 1319 2969 dclcnderetur,

178 2989 267 3054 tritico
289 2999 394 3052 rerum
412 2987 535 3071 judico,
557 3000 664 3071 66666,
685 2985 764 3072 quod
785 2989 911 3057 ’1661161
935 2992 1015 3065 (len.
1038 2993 1158 3079 Littztg.
1182 2991 1265 3058 1815
1288 3012 1317 3075 6.

176 3095 255 3164 ‘mit
278 3101 365 3157 66616
388 3093 567 3174 observavit,
590 3113 636 3159 ne
659 3109 758 3160 6666
781 3103 900 3180 ternpus
919 3115 1065 3182 praesens
1085 3099 1172 3162 nimis
1195 3105 1318 3180 66666,

177 3213 214 3262 66
236 3199 261 3261 si
284 3203 387 3280 postca
411 3197 599 3279 ,66666666ιι
619 3197 761 3280 licuisset,
781 3211 812 3265 et
832 3219 879 3265 ne
901 3219 996 3266 6666
1017 3201 1100 3267 66116
1122 3201 1222 3284 6666,
1244 3221 1318 3268 666

177 3315 277 3366 6666
297 3305 379 3366 recte
401 3316 458 3386 pro
481 3317 543 3384 „ne
561 3316 639 3368 6666
660 3303 799 3387 6616661*
823 3306 881 3370 dici
903 3305 1006 3391 possit

177 3417 183 3426 ·
264 3407 299 3470 V.
321 3405 396 3486 165,
418 3405 610 3489 861666,
633 3409 714 3492 quod
736 3409 872 3493 plerique
895 3409 984 3476 codd.
1007 3409 1146 3477 61661161.
1162 3411 1318 3495 praebent,

177 3499 355 3594 languidiori
385 3516 459 3574 turn
480 3513 710 3595 praeferendum
732 3531 818 3595 csse,
835 3517 893 3599 666
916 3515 1016 3579 Heinr.
1039 3516 1148 3594 sensit;
1182 3516 1240 3579 1666
1263 3515 1316 3581 Gi·

177 3629 247 3709 6666
269 3615 405 3678 libentius
418 3624 553 3700 usurpat,
574 3617 645 3683 illud
658 3625 776 3701 poetae,
795 3619 833 3684 ci.
856 3617 879 3699 l,
893 3619 923 3684 e.
948 3619 983 3684 11
999 3617 1056 3699 ;11,
1079 3617 1130 3683 35.
1147 3653 1183 3666 -
1200 3617 1316 3696 6666-

176 3721 232 3793 tls,
249 3735 303 3783 cur
319 3719 465 3784 sacerdos
487 3719 547 3786 ius
560 3738 599 3787 ca
623 3723 807 3807 appelletur,
829 3724 907 3788 ultro
929 3721 994 3786 iere
1016 3741 1087 3788 sese
1110 3723 1225 3803 offerat,
1248 3742 1316 3789 orn·

176 3829 232 3889 ires
255 3823 390 3889 66116666
413 3829 532 3909 praeter
546 3827 686 3892 Montium
709 3839 740 3894 et
762 3829 931 3892 Donnerurn
954 3845 1059 3892 verum
1081 3845 1141 3892 non
1163 3827 1314 3894 ciderunt.

176 3925 268 4013 tngo
282 3921 422 3993 deionnls
445 3943 562 4011 „puppa
574 3931 704 3998 Vanerl“
723 3935 781 4018 666
800 3931 909 3997 dudum
921 3929 1072 4022 „donata“
1096 3931 1147 4013 (11,
1171 3933 1224 4005 ru)
1247 3952 1313 3997 rna-

125 4021 127 4025 ’
176 4032 264 4096 ritum
287 4031 453 4116 desperans
477 4033 535 4115 „ad
557 4035 718 4102 ministeria
741 4040 872 4102 Deorum
895 4053 930 4103 se
953 4033 1149 4103 contulerat‘.
1181 4035 1314 4118 (66661.)
