3162 4904
804 336 853 414 10

261 525 419 592 matam
450 527 582 591 ismaro
602 525 738 591 asumma
768 525 854 590 abire
876 523 1023 591 menm-
1058 524 1100 594 ΔΙ
1122 525 1203 608 quod
1223 523 1393 608 pbbssepbi

263 639 294 694 et
315 639 425 712 pcetm
454 631 589 696 disentiat
619 633 696 696 vitea
724 631 881 694 tonante
908 629 1140 694 commendanda
1166 638 1201 694 et
1230 630 1395 712 praeceptis

261 735 379 800 rlrtutis
409 734 557 799 tradendis
579 743 743 816 quaerunt,
764 734 843 798 idem
866 741 954 816 poeta
976 735 1111 800 satiricus
1134 734 1190 800 sibi
1209 735 1396 819 propositus

265 839 362 918 babet,
383 839 437 902 sed
456 839 540 904 aliam
570 839 621 904 ille
643 841 719 904 viam
747 840 903 922 ingressus
926 838 1077 919 improbos
1104 854 1206 904 mares
1228 839 1395 922 reproban-

267 943 318 1022 dit,
340 943 457 1008 seelera
478 945 611 1028 flagellat
632 952 662 1008 et
684 945 851 1026 „inspicere
874 950 1021 1025 tamquam
1041 943 1073 1007 in
1095 943 1248 1025 speculum
1270 944 1300 1008 in
1322 943 1395 1008 vitas

262 1047 412 1110 omnium“
432 1047 523 1128 jubet.
629 1035 633 1043 ’
795 1048 796 1051 ’

348 1151 530 1234 liugnupere
559 1153 651 1235 igitur
673 1159 790 1230 errant,
820 1152 871 1232 qui
903 1166 1055 1234 personae
1084 1151 1396 1232 bemasmerim,

261 1275 297 1319 an
320 1255 425 1335 fictae,
453 1256 490 1319 ad
513 1276 617 1320 aarum
639 1265 738 1320 tamen
760 1272 941 1338 expressae,
969 1257 1098 1320 immane
1118 1263 1259 1338 quarum
1280 1255 1395 1322 ratem

267 1378 447 1442 memque
474 1362 584 1426 satirici
606 1370 698 1424 artem
722 1362 750 1422 in
781 1361 907 1444 singulis
929 1360 1095 1424 bominibus
1123 1359 1297 1424 inlamardis
1320 1377 1396 1424 uon·-¹

264 1465 341 1546 spici
363 1471 476 1546 putant,
498 1465 580 1544 quod
602 1465 680 1544 mibi,
701 1464 769 1528 dum
793 1483 848 1546 per
864 1472 997 1546 tempora
1020 1464 1117 1542 liceat,
1140 1466 1267 1529 omniurn
1289 1463 1396 1528 lucilli-

263 1587 340 1632 umm
364 1567 489 1632 videtur.
519 1568 628 1632 lterom
651 1569 797 1649 inopiam,
823 1587 882 1650 qua
905 1568 1023 1632 satimm
1052 1567 1182 1632 debilem
1203 1575 1234 1632 et
1256 1583 1396 1632 eramen

263 1672 349 1736 reddi
372 1672 569 1756 intelligebat,
598 1673 720 1736 Persius
749 1673 895 1756 exemplis
925 1673 1023 1736 erite
1045 1675 1193 1738 cummuni
1214 1673 1314 1754 petitia
1336 1689 1396 1754 op-

262 1778 331 1842 timo
351 1779 572 1860 compensarit,
599 1795 677 1857 quae
700 1784 886 1859 quantopere
908 1778 1014 1840 satiras
1035 1777 1102 1840 eius
1123 1784 1275 1840 exomni
1291 1789 1397 1843 omues

262 1899 319 1944 una
342 1899 419 1944 voce
433 1880 616 1963 praedicant.
638 1881 686 1946 Ad
707 1881 828 1946 satiram
851 1880 926 1944 illam
948 1881 1075 1964 rigidam
1096 1888 1126 1945 et
1146 1897 1296 1958 severana,
1319 1897 1398 1961 qua·

263 1985 319 2048 loru
340 1984 493 2049 luvenalis
514 1987 644 2068 scripsit,
663 1986 766 2050 Persio
788 2003 849 2050 non
871 1987 983 2069 ingenii
1005 1986 1091 2050 dotes
1111 1985 1294 2064 doluerunt,
1316 1981 1397 2066 quand

262 2090 393 2152 nonulli
413 2091 635 2168 existimarunt,
664 2089 719 2153 sed
748 2089 795 2152 illa
819 2091 906 2154 animi
933 2090 1043 2153 duritas
1075 2097 1105 2154 et
1132 2089 1308 2166 ammonia,
1339 2101 1398 2168 qus

263 2194 330 2274 qais
350 2193 389 2256 arl
411 2195 518 2257 satirae
540 2194 623 2256 rinus
646 2194 845 2258 evomendum
865 2194 998 2258 irritatur
1020 2202 1050 2258 et
1070 2194 1260 2276 propellitur.
1282 2193 1398 2257 Murum

262 2297 327 2378 luit,
349 2303 382 2361 at
401 2299 431 2360 in
458 2300 517 2362 rita
541 2307 694 2375 narratur,
721 2297 956 2376 lenissimorum,
978 2297 1017 2362 ad
1040 2317 1135 2379 osce,
1165 2315 1254 2378 quatur
1282 2303 1397 2378 panon

259 2403 319 2486 jum
347 2419 423 2484 puer
444 2403 626 2482 amississet,
655 2403 883 2466 conformandos
913 2402 1193 2480 matrisanimula,
1224 2402 1339 2466 soeuris
1366 2405 1399 2464 et

261 2507 370 2570 amitae
391 2525 464 2569 rsus
486 2505 665 2570 domesticus
687 2507 808 2570 motum
829 2505 961 2570 attulisse
983 2506 1128 2569 videntur.
1171 2505 1292 2570 badeles
1311 2502 1399 2568 mini

262 2612 326 2692 ejus
347 2611 414 2676 talis
443 2618 528 2690 errt,
559 2619 591 2673 ut
619 2627 741 2692 seraper
769 2608 941 2674 sublimiora
974 2617 1132 2693 appeteret
1166 2611 1324 2690 emmaque
1361 2607 1399 2674 ad

263 2733 405 2778 summam
428 2714 632 2796 philosophiae
646 2714 770 2778 formam
793 2715 984 2795 speciemque
998 2713 1162 2798 redigeret
1184 2714 1286 2788 Quare
1308 2731 1399 2795 qum

261 2818 407 2882 advitam
437 2836 642 2898 communem,
673 2820 751 2882 vitiis
779 2819 918 2900 pollutam
949 2826 980 2882 at
1007 2819 1038 2880 ia
1061 2819 1147 2900 pejus
1169 2825 1316 2894 mumma,
1337 2833 1400 2882 nus

261 2924 317 2986 nisi
347 2941 440 3006 aegre
469 2923 640 3001 descendat,
670 2931 753 2986 recte
776 2923 912 2986 dubitare
932 2923 1001 2986 ntibi
1022 2922 1146 3000 videor,
1175 2939 1244 2986 narr
1268 2923 1399 2997 Persius,

264 3029 289 3091 si
311 3028 352 3090 illi
374 3027 493 3112 longior
516 3035 599 3092 aetas
628 3029 838 3110 suppetisset,
867 3027 973 3092 satiras
993 3027 1127 3090 scribom
1149 3033 1401 3108 perseverum

265 3131 363 3196 inerit
383 3132 416 3196 si
436 3132 494 3194 alio
517 3139 653 3214 ternpore
667 3133 801 3210 vixisset,
822 3130 900 3196 baud
923 3131 1013 3196 dubie
1035 3132 1165 3209 mbram,
1190 3144 1279 3212 quam
1300 3129 1401 3196 aba·

262 3235 331 3298 cilio
350 3253 458 3298 recens
476 3236 618 3317 arripuit,
646 3251 792 3316 nunquam
822 3235 978 3318 attigisset,
1000 3235 1180 3298 carnutum
1204 3233 1330 3317 idyffisis
1352 3234 1403 3297 rel

264 3341 418 3424 elegiacis,
441 3341 547 3420 quibus
576 3357 681 3403 omnes
704 3339 814 3422 ingenii
837 3339 937 3404 fontes
968 3339 1146 3417 recludere,
1168 3356 1274 3402 omnes
1297 3339 1403 3420 poesis

264 3444 357 3508 liores
380 3445 499 3526 aperire
520 3452 647 3526 poterut,
665 3443 800 3506 dolorem
823 3444 909 3506 animi
931 3442 1091 3506 ellfflrrus.
1117 3443 1179 3508 ead
1207 3460 1298 3524 quum
1322 3443 1404 3522 riba,

262 3565 343 3628 quae
364 3549 493 3610 Neronis
514 3556 610 3611 aetate
631 3547 860 3631 grassabantur,
884 3548 914 3610 in
937 3546 1002 3610 dies
1024 3547 1112 3610 latius
1135 3546 1248 3610 effundi
1268 3555 1301 3611 et
1322 3565 1403 3614 cra·

264 3652 329 3737 gari
351 3652 465 3715 videret
482 3655 604 3734 Jamque
616 3653 812 3714 imminentem
828 3668 942 3713 morum
964 3670 1001 3714 ao
1017 3653 1155 3714 rutatum
1169 3653 1282 3726 ruinam
1302 3652 1404 3717 raino

265 3757 464 3838 prospiceret,
482 3758 603 3838 Junenis
619 3757 828 3820 soractimoniae
851 3756 1011 3836 singularis
1034 3774 1069 3820 se
1089 3757 1243 3820 continere
1260 3773 1321 3818 nora
1344 3773 1404 3837 po-

264 3862 329 3939 tuit,
352 3863 421 3941 quin
449 3861 549 3924 cebris
572 3859 735 3924 scribendis
758 3861 885 3922 animum
908 3867 1054 3922 moestum
1077 3879 1113 3922 ae
1135 3860 1291 3924 sollicitum
1314 3861 1405 3924 lesa·

263 3971 321 4026 rat
345 3964 391 4027 [te
412 3963 537 4028 mendis
553 3966 660 4041 satiris,
683 3981 769 4045 quum
787 3981 841 4026 eas
860 3964 1015 4036 scriberet,
1037 3983 1076 4028 ne
1099 3965 1249 4047 cogitasse
1270 3963 1406 4045 (pidem,

267 4086 368 4130 verum
390 4071 532 4148 aequiora
555 4077 690 4150 tempora
721 4075 900 4148 exspectare
928 4069 958 4130 in
980 4069 1078 4132 aniano
1107 4069 1250 4132 babuisse
1273 4067 1407 4148 vitetur,

265 4173 320 4236 sed
343 4181 437 4236 morte
460 4175 525 4256 ejus
549 4182 736 4257 praematura
758 4173 869 4236 lautum
891 4179 946 4248 est,
968 4181 1001 4235 ut
1021 4173 1131 4236 satirae
1160 4173 1349 4252 imperfectae
1372 4173 1408 4236 in
1487 4191 1492 4198 ·

266 4278 425 4346 nnmerum
448 4296 553 4342 manus
575 4279 719 4342 venirent.
749 4276 903 4340 Praeclare
925 4275 958 4339 (l.
978 4277 1011 4339 F.
1033 4277 1218 4340 ilmmunsus
1238 4275 1349 4360 (prael.
1372 4295 1408 4360 p.
