3162 4904
843 353 875 429 4

292 539 559 614 nouas-scribere
582 540 740 621 cosparit3:
766 539 904 606 uaddum
927 551 987 604 non
1009 546 1073 613 ortt
1107 547 1190 607 corte
1215 548 1416 624 prssmdnrrn

291 645 489 715 mutaremus
518 643 649 708 indolem
680 643 818 710 admirari
841 644 1000 723 debemus,
1029 644 1240 726 qui-amiram,
1267 663 1353 728 quum
1370 645 1417 708 riri

291 753 370 819 uitae
391 749 560 831 peritissimi
590 749 717 833 aggredi
748 757 905 828 verentur,
935 747 1175 816 adolescentulus
1206 751 1316 835 attigit,
1344 766 1416 814 mor-

290 863 359 922 tuus
381 855 458 918 anim
480 860 527 918 est
549 860 617 916 ante
640 871 747 917 annum
770 855 872 918 aetatis
895 852 1183 918 duodetricesimum.
1291 905 1294 916 Α

377 959 537 1028 satirarum
574 955 680 1020 librrun
717 977 734 1020 a
768 956 902 1022 Cornuto
938 958 1123 1041 recognitam
1156 957 1281 1024 Caesius
1320 959 1418 1024 unam

290 1071 398 1147 pasta,
418 1063 470 1144 qui
495 1079 530 1127 aa
553 1061 645 1142 prima
669 1061 891 1126 adulescentiae
916 1079 1028 1126 summa
1051 1061 1247 1126 familiaritate
1269 1081 1334 1126 curn
1352 1062 1419 1126 l’sr·

291 1172 338 1238 sio
366 1168 541 1250 conjunctus
571 1174 654 1243 erat,
683 1165 790 1244 edidit3
820 1165 931 1230 editum
961 1167 1101 1232 continuo
1131 1167 1230 1232 mirari
1252 1175 1281 1230 et
1303 1166 1420 1248 diripere

291 1273 426 1339 uomicas
448 1278 624 1354 coeperam
646 1269 838 1353 Quantopere
860 1275 945 1334 etiam
968 1270 1062 1334 doctis
1081 1272 1153 1337 airis
1172 1269 1323 1353 placuerit,
1343 1273 1420 1354 ipso·

291 1392 361 1443 rum
388 1375 487 1440 verbis
517 1375 669 1456 probatur.
712 1375 926 1454 Quintilianus,
964 1375 1059 1440 Persii
1089 1374 1201 1440 vernis.
1222 1393 1420 1457 nonnunquam

290 1499 380 1560 usus,
410 1479 590 1544 celebratam
623 1478 660 1542 de
690 1477 740 1542 illo
772 1481 948 1546 sententiam
980 1478 1066 1544 dixit:
1105 1480 1244 1545 elicitum
1279 1487 1310 1544 et
1339 1497 1421 1543 verre
1509 1495 1515 1505 ·

291 1586 408 1670 gloriae
439 1584 574 1665 quamvis
603 1601 664 1646 uno
698 1583 774 1649 libro
803 1584 923 1648 Persius
959 1585 1096 1665 meruit«
1130 1602 1257 1666 quocum
1295 1583 1422 1650 Martialis

292 1689 455 1759 musanus

552 1788 678 1856 „Saepius
695 1788 722 1842 in
738 1787 803 1842 libro
820 1797 967 1842 numeratur
983 1788 1084 1842 Persius
1104 1805 1156 1842 uno

552 1873 631 1936 Quam
649 1874 714 1930 lavis
732 1876 759 1928 in
776 1883 827 1927 tcta
845 1875 939 1928 Marsus
958 1874 1141 1932 Amazonide.“

379 2000 517 2065 Lucanus
539 1999 633 2064 Persii
662 1987 767 2065 satiras
798 1999 873 2066 adeo
902 1998 1060 2066 admiratus
1091 2007 1153 2078 est,
1181 1999 1284 2063 utillo
1310 2000 1425 2065 satiram

291 2122 395 2172 eoram
426 2105 526 2169 amicis
555 2106 697 2172 recitante
732 2104 805 2168 haec
839 2123 910 2168 vera
943 2123 1013 2168 csse
1047 2112 1181 2186 poemata
1212 2103 1368 2182 clamarat,
1398 2110 1427 2166 at

294 2227 374 2290 quaa
397 2209 461 2290 ipse
489 2207 602 2271 faceret
630 2208 729 2272 ludum
751 2216 864 2274 tantum
883 2211 1050 2292 jocumque.
1071 2215 1099 2272 A
1118 2209 1317 2293 grammaticis
1338 2227 1427 2290 saepe

293 2331 403 2390 narsus
426 2312 518 2376 Persii
539 2311 711 2392 laudantur,
742 2314 883 2392 imprimis
905 2331 982 2378 raro
1009 2333 1025 2376 a
1056 2313 1251 2394 scriptoribus
1281 2312 1427 2378 acclesia-

286 2419 390 2496 stiois,
413 2425 513 2498 patres
536 2436 610 2498 quos
633 2417 748 2496 dicum,
770 2418 920 2482 lectitatur
943 2425 1007 2495 est,
1029 2418 1217 2500 Augustino,
1239 2417 1428 2496 Tertulliano,

284 2522 459 2600 ffLaotantio,
497 2522 679 2604 Hieronymo
715 2521 859 2602 denique,
900 2523 950 2604 qui
983 2521 1228 2586 »disertissimum
1259 2521 1427 2587 satiricum«

289 2625 434 2712 singulari
462 2625 560 2689 studio
583 2634 612 2689 et
640 2645 742 2690 amore
764 2625 937 2708 complexus
961 2626 1065 2692 saluas
1089 2626 1152 2708 ejus
1181 2625 1248 2690 tara
1271 2625 1432 2690 edidicisse

292 2728 419 2796 videtur.
464 2729 520 2795 Alii
555 2731 738 2811 scriptores,
780 2731 831 2810 qui
865 2730 958 2796 Persii
994 2730 1172 2796 mentionem
1204 2730 1360 2810 iecerunt,
1396 2729 1433 2794 ab

291 2833 396 2903 inlunio
419 2835 464 2915 (p.
486 2831 526 2896 51
553 2838 637 2914 sqq.)
660 2841 879 2898 enumerantur.

282 2999 285 3006 .
379 2937 477 3002 llledia
508 2955 586 3017 quae
616 2938 722 3004 dieitur
751 2946 849 3004 aetate
879 2938 1011 3004 Persium
1041 2955 1100 3000 non
1134 2939 1249 3003 minora
1276 2939 1388 3021 gratia.
1404 2945 1438 3002 et

290 3044 467 3107 auctoritate
488 3040 642 3120 floruisse,
671 3061 731 3106 non
753 3043 843 3106 modo
866 3041 987 3107 codices
1020 3042 1092 3108 satis
1114 3043 1195 3106 multi
1218 3049 1248 3106 et
1269 3043 1383 3122 antiqui
1405 3049 1439 3104 et

289 3147 419 3224 scholia,
440 3164 517 3226 qnae
539 3155 717 3228 supersunt,
747 3147 800 3212 sed
823 3148 908 3210 etiam
932 3147 1099 3212 mamonis
1118 3146 1312 3228 complurium
1332 3147 1440 3226 serip-

291 3259 385 3316 torum
416 3259 570 3317 testantur.
614 3250 783 3314 Recentiori
814 3259 912 3316 aetate
940 3252 971 3314 in
1001 3251 1115 3334 judicio
1146 3251 1186 3316 de
1208 3252 1302 3316 Persii
1332 3251 1441 3316 satiris

290 3354 428 3418 faciendo
452 3355 508 3418 viri
531 3354 610 3420 docti
632 3373 815 3438 magnopere
838 3357 916 3419 inter
939 3373 973 3420 se
996 3356 1184 3420 dissentiunt.
1208 3353 1302 3429 Quam
1325 3354 1445 3420 acerbe

290 3468 320 3522 at
350 3459 458 3540 injuste
489 3466 616 3539 uterque
640 3459 774 3543 Scaliger
802 3467 832 3522 et
853 3460 928 3522 Dan.
963 3459 1100 3524 Heinsius
1129 3458 1166 3523 da
1189 3460 1291 3524 Persio
1314 3459 1446 3542 judica·

290 3565 386 3629 verint
416 3571 515 3626 notum
541 3571 605 3641 est,
644 3582 702 3630 uec
738 3563 829 3627 multo
859 3563 963 3628 melius
996 3571 1098 3629 nostru
1131 3571 1227 3628 aetate
1255 3564 1446 3648 lloeoigius,

289 3667 453 3740 Niaardus,
479 3666 679 3732 Bernhardius
710 3666 749 3730 da
781 3667 883 3730 Persic
911 3668 1130 3744 existimarunt3
1168 3676 1198 3732 at
1225 3666 1448 3742 Casaobonus,

288 3773 465 3849 Passcvius,
500 3771 672 3850 Herderus,
707 3771 892 3849 Hamannus,
926 3770 961 3834 G.
992 3771 1028 3834 E.
1059 3771 1225 3848 Wolterus,
1263 3773 1455 3850 nanterus,

288 3873 479 3952 flauttalus,
502 3874 538 3938 0.
558 3875 698 3954 latinius,
722 3874 755 3939 C.
778 3875 810 3938 F.
834 3875 1036 3954 dermannus,
1058 3874 1267 3954 Schlosserus,
1289 3875 1338 3940 alii
1357 3877 1455 3940 Per-

283 3983 363 4048 sium
396 3987 499 4042 contm
529 3979 645 4044 illorum
681 3979 900 4044 criminationes
930 3979 1041 4060 optimo
1070 3978 1269 4045 defenderunt
1303 3997 1459 4061 eumque

287 4084 394 4150 summi
421 4084 565 4148 facerunt.
604 4085 764 4148 verissime
787 4083 989 4162 Hammonius,
1020 4084 1088 4165 qui,
1116 4084 1171 4146 etsi
1193 4082 1282 4148 multa
1304 4084 1334 4148 in
1359 4084 1463 4146 Per-

153 4190 156 4196 '
285 4189 333 4254 sio
357 4188 555 4268 vituperavit,
590 4188 714 4253 virtutes
747 4188 813 4269 ejus
850 4187 978 4252 libenter
1002 4189 1156 4270 agnoscit,
1189 4186 1350 4269 plurimos,
1390 4191 1465 4268 qui

286 4293 325 4358 de
347 4293 448 4358 Persio
471 4291 688 4374 judicaverint,
718 4309 786 4356 eum
817 4290 866 4355 rel
894 4290 1004 4356 leviter
1026 4292 1176 4374 cognitum
1203 4291 1364 4360 damnasse
1393 4291 1470 4356 vel
