3162 4904
846 276 894 350 18

303 463 390 533 admi
412 465 626 532 sollicitudines
648 464 815 542 subissent,
837 471 926 547 poeta
949 464 1096 544 saumas,
1117 481 1195 546 quae
1216 464 1248 529 in
1267 473 1329 528 urio
1342 465 1438 547 abono

303 569 509 654 reprehendit,
532 588 592 634 non
606 570 720 647 solum,
743 577 774 634 ul
793 587 901 633 ommes
923 569 1015 632 vitent
1037 569 1174 650 illiusque
1197 569 1354 634 dissimiles
1376 571 1439 646 sint,

302 684 418 755 monet,
445 673 629 752 sedetiam,
658 692 718 754 quo
741 692 838 738 moses
861 673 977 737 illorum
999 673 1149 752 ouncndet,
1174 673 1351 758 ¹grauissima
1373 673 1438 755 pbi·

303 779 496 861 losopborum
527 787 687 860 praecepta
716 777 857 860 adjungit.
895 777 1030 857 Persius,
1060 797 1150 859 quum
1182 779 1249 842 uitia
1267 779 1328 861 jam
1348 795 1438 860 prae-

302 883 400 952 valide
430 885 460 948 in
490 883 556 950 dies
578 883 788 948 increbescere
810 882 944 961 videret,
973 898 1057 962 spem
1085 883 1219 947 melioris
1237 899 1341 945 rernm
1364 897 1438 944 con*

303 987 440 1066 dltionls,
465 988 550 1070 cuod
572 988 724 1052 luvenalis
754 987 837 1066 lecit,
867 1005 925 1050 non
948 987 1068 1069 abjecit3
1099 987 1304 1070 philosophiae
1325 985 1439 1064 solatia,

303 1092 478 1160 modiointm
496 1092 628 1170 doloris,
656 1094 813 1174 reqmrens
837 1110 926 1156 verae
956 1110 992 1155 ac
1012 1090 1126 1156 solidae
1147 1092 1263 1156 eirmtis
1285 1090 1438 1175 insaginem

300 1197 486 1277 liminibus,
507 1215 595 1278 quam
618 1197 805 1276 intueantur,
826 1196 975 1280 proponit

831 1489 862 1560 §.
885 1484 916 1548 6.

391 1639 447 1717 lis,
477 1657 553 1722 quae
575 1641 613 1702 de
634 1641 788 1703 satirarum
812 1639 906 1703 Persii
936 1647 1040 1704 natura
1065 1639 1228 1720 disputari,
1259 1653 1372 1720 panon,
1400 1651 1438 1700 ne

301 1741 374 1825 pald
400 1743 516 1808 deesse
544 1746 698 1823 uideatur,
729 1744 768 1808 de
798 1762 940 1808 sermono
971 1763 1030 1826 qno
1057 1760 1130 1807 osus
1161 1752 1206 1806 est
1229 1742 1342 1806 addere
1363 1757 1438 1804 con·

299 1849 393 1912 sumi.
414 1850 578 1912 becentaia
601 1849 693 1912 Persii
712 1849 877 1912 obscuritas
900 1855 946 1911 est
963 1848 1008 1926 '),
1031 1865 1108 1928 quae
1131 1845 1261 1909 virorum
1284 1845 1435 1908 doctorum

299 1951 408 2015 modiis
431 1955 572 2033 curisque
601 1954 710 2016 minuta
738 1971 773 2015 on
803 1962 885 2015 sucta
908 1955 947 2016 sit
969 1951 1123 2014 dubitetur.
1152 1950 1287 2014 Diversis
1315 1949 1432 2029 quibas·

298 2067 423 2135 'cunque
446 2056 562 2119 illorum
585 2057 740 2119 sententiis
762 2058 955 2120 recensendis
984 2064 1012 2118 et
1033 2055 1249 2137 perlustrandis
1271 2054 1433 2135 intelligen-

298 2160 371 2222 tlum
402 2161 558 2223 obscurari
589 2163 700 2241 potins,
739 2177 825 2240 qnam
857 2159 995 2225 illustrari
1028 2159 1152 2223 Jcbnlns
1179 2168 1263 2224 recte
1287 2157 1437 2240 judicarit.

301 2265 450 2328 tralatitia
472 2264 521 2327 itis
544 2265 734 2328 obscuritatis
752 2267 893 2346 opinione
916 2265 993 2328 ducti
1016 2265 1134 2348 priores
1157 2273 1238 2327 certe
1256 2265 1438 2344 interpretes

296 2377 382 2448 ¹lutrae
404 2369 476 2432 satis
499 2368 578 2431 olars
607 2376 706 2447 erant,
738 2369 865 2432 obscura
895 2368 1088 2432 reddiderunt
1115 2368 1337 2452 simplicemque
1365 2378 1440 2428 uer-

303 2473 407 2535 borum
431 2472 566 2536 ordinem
597 2473 806 2554 perturbarunt
837 2491 872 2536 oo
903 2481 1109 2554 perverterunt
1135 2473 1285 2546 (Persium
1308 2479 1341 2534 nt
1360 2468 1439 2532 idem

302 2577 431 2639 Montius
455 2575 534 2655 dicit,
557 2577 607 2656 „im
632 2596 670 2639 un
693 2576 763 2662 logo
786 2577 815 2639 di
828 2577 920 2641 note“
944 2577 1156 2642 suffocarunt.
1179 2577 1370 2658 Quapropter
1391 2573 1441 2656 qni

297 2681 395 2744 ΙΙΡιιιιίι
425 2682 531 2745 satiras
555 2683 679 2763 priimum
703 2683 766 2745 sine
790 2683 1007 2746 commentariis
1029 2683 1155 2765 legerit,
1185 2680 1322 2743 nonnulla
1345 2679 1439 2741 statim

296 2797 362 2848 mon
384 2787 544 2867 percipiet,
575 2785 631 2850 sod
654 2785 803 2864 Persium,
828 2789 888 2870 jam
910 2786 1088 2869 primoribus
1117 2785 1207 2850 labris
1241 2785 1440 2870 degustatum,

295 2896 406 2970 postea
429 2888 535 2951 melios
555 2889 711 2973 intelliget.
742 2890 914 2955 Obscuritos
938 2891 1078 2973 quaedam
1101 2889 1150 2952 vol
1170 2907 1273 2953 rerum
1296 2889 1343 2950 vel
1365 2904 1440 2950 ver-

302 2992 407 3055 borum
437 2994 574 3056 omnibns
604 2995 703 3073 poetis
731 2997 857 3059 satiricis
887 2997 1050 3058 communis
1081 3003 1144 3074 est,
1173 3011 1273 3077 neque
1302 2993 1374 3054 vom
1404 2991 1441 3053 iis

298 3096 462 3171 'mierum
486 3097 593 3174 multa,
616 3114 692 3177 qnae
714 3101 802 3162 nobis
825 3101 952 3163 obscura
971 3100 1127 3178 uidentur,
1149 3115 1238 3178 quum
1262 3096 1441 3161 scribeban-

295 3207 366 3279 tur,
394 3200 532 3264 omnibus
554 3202 709 3265 notissima
737 3212 835 3283 erant,
865 3223 942 3284 quae
968 3203 1091 3268 brevius
1119 3201 1193 3266 dicta
1224 3203 1441 3284 conquerimur,

301 3303 359 3366 lllis
382 3304 429 3365 vel
451 3321 512 3366 uno
535 3305 630 3368 verbo
652 3307 723 3369 satis
746 3307 960 3374 indicabantur.

387 3407 542 3470 Nonnullis
573 3409 690 3490 quidem
720 3410 792 3474 locis
823 3411 944 3476 Persius
979 3411 1098 3474 multum
1130 3407 1283 3474 studuisse
1312 3409 1441 3487 videtur,

295 3517 353 3587 ιιι,
380 3527 459 3591 quae
481 3513 603 3590 sentiat,
634 3514 710 3596 aptis
730 3517 831 3579 verbis
854 3517 1016 3600 exprimat,
1045 3516 1098 3579 sed
1121 3513 1214 3578 multo
1238 3514 1339 3594 plnres
1361 3519 1442 3592 sunt,

300 3615 352 3695 qui
374 3613 461 3676 facile
483 3616 685 3701 intelliguntur
710 3627 740 3683 et
767 3623 913 3686 sermonis
943 3621 1089 3704 elegantia
1118 3616 1277 3682 excellunt.
1312 3616 1440 3680 Causam

296 3717 378 3781 ibius
408 3719 598 3784 obscuritatis
629 3723 685 3785 uiri
712 3723 834 3805 quidam
864 3726 943 3790 docti
975 3727 1004 3788 in
1035 3722 1233 3786 imbecillitate
1253 3721 1368 3806 ingenii
1388 3719 1442 3782 uel

295 3821 420 3886 delectu
441 3826 603 3889 verborum
625 3830 776 3909 reperisse
797 3830 853 3894 sibi
877 3830 1025 3908 videnlur,
1048 3829 1179 3892 Persium
1203 3843 1336 3910 pugnare
1358 3842 1442 3906 quo-

302 3925 458 3992 dammodo
497 3950 563 3994 cum
593 3949 733 3996 sermone
764 3943 795 3998 et
825 3954 903 4017 quae
938 3941 1064 4000 mentem
1093 3931 1206 4016 agitent
1240 3927 1291 3992 uix
1320 3927 1442 3992 tendam

299 4081 611 4100 Μ

369 4143 395 4208 *i
413 4145 519 4209 „Persio
536 4145 601 4198 libro
617 4149 791 4200 soomunicsto
809 4161 856 4214 per
872 4155 934 4200 tutte
952 4149 976 4200 la
989 4147 1071 4199 animo
1083 4109 1221 4212 pausose.“
1234 4142 1317 4195 bloatl.
1335 4141 1443 4206 (libelli

302 4231 389 4286 titulus
399 4239 451 4288 cst:
470 4231 570 4298 „Sabae
583 4232 609 4283 di
620 4232 718 4300 Persio,
735 4233 885 4288 traduaiouc
898 4234 940 4288 dal
948 4235 1079 4288 cavallera
1091 4232 1120 4286 V.
1129 4231 1218 4284 timu.
1229 4229 1320 4283 blilsno
1332 4229 1444 4297 lew)
